2768 4430
1106 231 1144 300 l'l

111 413 315 496 uincuntur).
348 409 500 493 XXXII,
518 410 550 493 3,
569 409 628 476 lb:
650 411 815 496 Amputori
837 411 892 478 bos
912 409 1056 496 obtusis,
1078 431 1148 478 cum

112 529 295 614 cupiuntur,
339 530 464 608 uequt
514 522 638 590 smus
679 523 925 608 diliquetiesiruus
967 525 1147 592 medlcs'uuo.
1217 555 1222 564 ·

114 637 355 721 Quinimmo
378 653 528 720 porcos
563 653 647 698 esse
672 633 991 718 substrictosque
1019 639 1054 698 et
1079 634 1148 699 ud·

112 750 323 815 haerentes
344 750 501 834 spicue,
522 765 589 812 uco
611 747 734 812 odtmi
755 749 841 812 siue
863 747 945 812 citu
966 745 1149 812 uuimclte

109 879 238 948 posse.
282 857 333 926 Ne
360 859 422 924 hoc
450 857 522 924 leco
545 857 587 924 ed
609 879 761 945 neugma,
795 856 882 946 quod
909 864 1045 940 vocent,
1075 875 1149 924 cen·

109 971 287 1060 tugismus,
299 971 495 1041 monendum
510 970 649 1055 videtur,
670 969 807 1036 sPliuio
823 970 1013 1060 seepissime
1030 969 1150 1038 omissa

112 1107 186 1150 esse
208 1084 307 1150 verbu
326 1085 449 1152 dicendi
468 1086 621 1152 uomoudi
638 1079 817 1168 offirmmuli
832 1082 1026 1172 insequente
1038 1081 1149 1150 stetim

112 1195 255 1263 auctoris
284 1195 420 1284 alicujus
452 1193 613 1262 sententie
629 1199 658 1280 ¹).
703 1193 787 1279 XX,
819 1196 855 1279 b,
877 1194 935 1260 42:
965 1197 1057 1262 utiles
1085 1215 1149 1262 esse

111 1309 248 1398 (cepas)
266 1311 461 1395 praecordiis
481 1316 510 1375 et
525 1311 729 1392 concoctioni,
751 1311 997 1394 inflationemque
1020 1315 1050 1376 et
1068 1309 1150 1374 sitim

105 1424 217 1506 succro
238 1424 441 1487 diceruut.
485 1422 736 1506 Asclepiadis
758 1421 894 1486 sobole
916 1423 964 1487 od
985 1422 1150 1487 colorem

114 1553 267 1619 quoque
296 1534 470 1598 ualidum
496 1535 652 1619 profici
679 1534 748 1600 boo
778 1533 864 1599 cibo
892 1553 939 1619 sq.
962 1554 1005 1602 sc.
1030 1533 1149 1600 omisso

108 1643 224 1709 uerbo.
258 1641 343 1712 Ibid.
366 1643 396 1726 9,
419 1642 480 1710 85:
502 1645 688 1744 Eiroeistroti
709 1645 813 1710 ecbola
834 1646 947 1710 clamet
964 1665 1010 1732 sq.
1033 1643 1077 1728 X,
1095 1645 1149 1729 35,

115 1757 194 1822 101:
222 1757 339 1822 tuctus
360 1757 503 1843 (morem
521 1753 708 1844 perdicum)
731 1760 839 1841 cjuut
852 1777 993 1823 uenerem
1002 1760 1088 1842 poti,
1109 1759 1151 1823 id

108 1871 274 1955 'quidem
304 1875 339 1936 ct
366 1873 598 1935 coturnices
634 1869 784 1954 'Proque
816 1871 879 1957 (sc.
903 1869 976 1957 nit)
1006 1877 1035 1936 ct
1060 1871 1148 1954 qub-

112 1980 291 2047 ttucceos
320 1981 558 2067 aliquando,
589 1983 780 2066 perdices
807 2001 900 2047 uero
936 1983 1150 2048 edomitis
1271 2059 1273 2064 ¹

105 2095 213 2176 jeros
236 2097 268 2155 et
288 2111 406 2156 uooos
428 2097 492 2157 out
512 2094 635 2158 uictos
655 2095 756 2158 iuirt
771 2096 995 2177 promiscue.
1039 2089 1148 2171 Quare

112 2221 179 2267 nou
202 2209 281 2284 erut,
302 2200 425 2290 opiner,
448 2223 505 2266 cur
526 2201 633 2268 Junus
656 2225 728 2268 cum
747 2201 873 2290 Silligio
895 2204 915 2272 l.
939 2201 1017 2285 XX,
1040 2204 1069 2284 9,
1093 2204 1148 2270 89:

113 2313 382 2399 Epicharmus
404 2314 562 2378 testium
585 2321 621 2380 et
639 2315 886 2398 qouitcte'um
911 2316 1029 2380 molis
1050 2317 1150 2380 boue

113 2422 315 2511 (brassicam)
337 2425 548 2492 utilissime
569 2427 734 2514 imponi,
757 2427 973 2510 efficacius
994 2426 1151 2492 caudore

111 2557 193 2602 veum
207 2537 304 2620 sobo
327 2539 438 2620 trito,
459 2537 547 2602 item
568 2537 779 2622 conuolsis,
803 2557 884 2603 curu
903 2544 994 2604 rutc
1014 2545 1151 2634 couqro

115 2651 298 2716 ardorem
311 2651 492 2734 sobrium
514 2657 552 2716 et
573 2651 772 2716 stomocbi
791 2651 912 2734 uitio,
935 2668 1015 2716 cum
1035 2657 1150 2718 rutae
1180 2629 1182 2636 ’

113 2763 263 2829 semiue
286 2763 335 2828 od
355 2763 570 2846 sccundus,
592 2783 657 2828 uon
680 2768 770 2846 eret,
785 2760 867 2846 dico,
890 2781 948 2828 cur
971 2760 1150 2829 doctissimi

112 2869 159 2939 illl
189 2873 250 2938 viri
280 2881 354 2962 post
384 2871 578 2938 vocobulum
608 2875 681 2939 tritu
708 2872 888 2939 insererent
909 2877 969 2958 cit,
1000 2873 1149 2963 quemvis

113 2985 145 3050 ld
175 2985 271 3051 focile
297 2985 381 3050 inter
403 2989 477 3052 tritu
504 2989 577 3052 item
607 2985 731 3052 conlisu
762 2986 923 3052 vocalium
959 2984 1150 3074 absorptum

114 3097 273 3166 videatur.
317 3096 434 3186 Neque
456 3097 536 3163 illud
559 3102 670 3165 usserit
691 3099 795 3185 magis
817 3097 923 3178 leudo,
947 3097 1034 3187 quud
1057 3095 1148 3168 editt.

113 3209 272 3298 praebent
300 3219 374 3298 post
404 3211 540 3277 verbum
567 3213 694 3298 msqcuc'.
738 3209 825 3276 Num
847 3219 962 3276 neutro
985 3231 1067 3298 opus
1090 3217 1149 3295 eet,

107 3331 149 3388 'et
160 3321 221 3410 hec
240 3317 376 3387 alts'rum
393 3321 534 3412 alioquin
549 3344 683 3412 prorsus
700 3320 853 3388 obhorret
870 3321 912 3388 cb
930 3341 989 3388 usu
1000 3321 1149 3392 Plinieno

114 3451 219 3520 neque
242 3452 313 3498 esse
334 3432 398 3497 nisi
420 3433 582 3520 glossema
604 3430 862 3522 deprehenditur.
896 3430 1001 3520 Igitur
1023 3451 1149 3515 moneo,

73 3601 76 3626 ,
115 3544 304 3636 seepissime
327 3543 413 3632 apud
435 3543 575 3612 Plinium
599 3543 705 3612 omitti
735 3539 919 3631 hujusmodi
940 3543 1056 3627 verbu,
1078 3559 1150 3632 per-

635 3757 1148 3774 *nabun—uum

185 3899 209 3966 ¹)
229 3899 268 3974 er,
287 3898 402 3970 nmvrg.
421 3903 436 3968 e
454 3901 514 3967 us,
533 3900 559 3953 u.
578 3911 599 3952 c
638 3919 640 3924 ,

940 4029 955 4079 e
