2768 4430
259 201 303 272 et

277 413 281 422 .
345 375 383 458 β)
406 372 553 440 Alterius
568 373 684 442 deinde
697 372 812 458 dativi,
829 395 925 461 quem
942 373 1162 462 ugnifiaandis
1180 375 1312 443 morbis

260 507 332 552 esso
354 485 432 568 dixi,
456 485 606 574 example
628 487 707 553 haee
729 507 911 574 proponam
933 495 973 552 ex
997 509 1118 572 magne
1141 489 1313 574 congerie.

258 598 432 681 XXVIII,
465 597 500 680 t,
533 598 592 664 23:
634 599 838 667 Tertianis
875 603 1165 685 quartanisque
1201 603 1314 684 effica-

259 715 421 778 oissimum.
463 708 548 780 Ibid.
572 714 755 782 tertianae
775 711 826 777 vel
845 713 1094 797 quotidianae
1116 712 1170 776 vol
1192 733 1314 798 quar-

259 832 378 900 tanae
392 824 504 906 febri
525 827 695 892 remeditari
715 827 834 910 quaeri.
878 822 961 894 Ibid.
985 824 1015 906 8,
1039 824 1096 890 24:
1120 829 1313 892 comitia-

259 938 365 1002 tibus
393 937 538 1003 morbis
561 940 734 1023 prodest.
784 936 890 1025 Igitur
927 936 988 1004 hoe
1027 935 1132 1023 ipsam
1165 939 1312 1006 verbum
1365 971 1367 1030 4

259 1072 332 1114 oum
351 1071 389 1116 eo
408 1071 485 1116 essu
503 1047 702 1116 medicorum
721 1050 795 1116 usui
813 1050 1004 1131 tribuemus,
1027 1049 1313 1136 quemadmodum
1366 1033 1367 1040 ἵ

257 1161 343 1240 XX,
366 1159 396 1240 9,
422 1160 500 1226 100:
524 1161 718 1248 Serpentium
746 1165 894 1232 ictibus
920 1166 1156 1247 imponitur.
1201 1163 1315 1232 Velut

258 1273 345 1361 apud
374 1272 457 1338 Ptin.
489 1272 562 1340 See.
588 1274 673 1363 app.
703 1275 784 1357 VH,
816 1276 850 1356 1,
880 1275 918 1340 4:
958 1283 1098 1358 tanqere,
1129 1274 1192 1340 den
1225 1279 1313 1344 Puls

257 1385 381 1452 fahlen.
431 1383 515 1450 Ibid.
543 1385 594 1450 m.
627 1387 662 1468 6,
704 1387 762 1453 18:
808 1386 981 1471 (Prodest)
1018 1391 1103 1452 nanis
1140 1395 1314 1456 morsui

257 1501 492 1584 colurorumque
520 1503 650 1585 spinis
677 1502 1005 1568 inhaerentibus:
1028 1507 1081 1564 ant
1103 1501 1311 1570 adversus

257 1613 343 1677 oanis
374 1613 477 1676 rabidi
510 1634 662 1678 morsus
701 1621 919 1698 contraque
957 1614 1143 1697 supentium
1179 1615 1308 1682 intus.
1366 1593 1367 1596 Ἴ

256 1722 297 1789 In
326 1744 390 1809 quo
420 1722 593 1788 locutionis
624 1722 813 1788 varietatem
850 1745 891 1788 ne
923 1723 1119 1808 neglexeris.
1169 1722 1302 1792 Eodem

256 1833 352 1900 modo
376 1832 493 1898 dieitur
515 1838 741 1902 conducere
764 1833 842 1902 ibid.
865 1837 896 1916 5,
921 1835 972 1899 14.
1016 1835 1100 1900 Item
1122 1837 1304 1923 XXXVI,
1366 1895 1367 1920 2

256 1944 308 2023 27,
321 1942 380 2008 69ε
398 1945 652 2011 Pestilentiae
670 1947 870 2012 auaitiori.
892 1946 978 2027 XX,
989 1947 1021 2027 9,
1036 1947 1114 2013 107:
1132 1951 1304 2016 uolneri-

257 2059 325 2122 bus
346 2058 466 2122 utilis.
487 2055 617 2139 XXII,
639 2058 698 2141 22,
722 2059 780 2123 7οε
801 2062 993 2142 qrooitoti
1015 2063 1139 2126 omium
1159 2065 1302 2145 infan-

257 2173 378 2236 ditur.

341 2284 374 2372 y)
399 2282 546 2350 Tertium
570 2305 674 2370 genus
697 2283 798 2350 dativi
820 2292 948 2348 oonstot
970 2303 1023 2366 oo,
1047 2305 1142 2370 quem
1164 2286 1302 2372 proprie

253 2417 401 2481 qraeeum
430 2396 636 2485 appellavere
657 2395 889 2477 Grammatioi,
921 2404 958 2460 ut
985 2395 1014 2460 is
1036 2419 1132 2462 casus
1154 2406 1301 2484 ponetur

129 2513 131 2518 ’
215 2559 218 2566 .
255 2508 289 2573 in
313 2509 417 2574 vinem
433 2509 683 2596 praepositionis
702 2532 723 2575 a
738 2509 933 2595 aliorumque
949 2530 1024 2574 eam
1041 2508 1150 2573 verbis
1165 2510 1301 2595 generis

254 2621 388 2707 passivi.
422 2621 612 2704 .·le‚.43,
635 2621 716 2686 233:
738 2623 979 2688 Portentosis
1000 2625 1167 2704 inqoniis
1188 2625 1300 2688 inuen-

256 2739 329 2797 tum.
372 2733 551 2815 XXXVI,
577 2734 632 2815 13,
664 2733 722 2798 19:
754 2734 794 2799 Ut
820 2742 1018 2800 munorum
1044 2737 1298 2817 requrnounitos

254 2844 372 2908 Itntis
401 2853 571 2931 sumeretur.
610 2845 776 2929 XXXII,
798 2847 857 2928 11,
881 2846 939 2911 53:
964 2845 1104 2911 Calabros
1125 2847 1297 2914 Homero

254 2959 355 3024 uituii.'
383 2958 430 3038 X,
450 2955 572 3040 last:
596 2957 817 3022 Generautti
837 2979 901 3024 non
922 2960 999 3022 oisa.
1030 2957 1151 3039 XXII,
1170 2957 1294 3040 2283:

255 3071 366 3136 bibitur
388 3072 555 3154 jejunis.
606 3067 774 3134 Ibid.87:
811 3073 956 3154 jejuno
982 3077 1068 3154 pota.
1117 3067 1200 3138 Ibid.
1229 3069 1293 3136 86:

253 3184 518 3248 Eratostheni
539 3184 676 3248 tundata.
711 3181 809 3264 XVI,
833 3181 884 3262 26,
902 3169 987 3246 '1102
1011 3181 1105 3246 Dicta
1126 3183 1293 3249 Homero

246 3297 455 3380 fnrqiperdia.
477 3294 618 3380 XXIX,
630 3294 660 3375 3,
675 3294 731 3359 12:
749 3297 893 3360 omissum
907 3293 1079 3360 Graecis.
1102 3294 1293 3378 XXXVII,

255 3385 297 3471 '10
305 3457 313 3488 ‚
346 3405 411 3471 60:
449 3415 577 3473 uocatur
603 3412 707 3474 monui
736 3408 781 3472 ab
811 3404 936 3488 Indis,
968 3409 1101 3472 manthos
1133 3408 1292 3494 appellata

256 3520 432 3586 Graecis.
474 3521 613 3603 XVIII,
643 3519 802 3604 12,117:
838 3518 964 3604 (Faba)
995 3522 1291 3606 Pqtttaqorieae

252 3637 485 3700 sententiae
507 3636 664 3700 damnata.
693 3632 815 3718 (Aliter
825 3615 922 3717 XIV,
937 3633 986 3714 18,
1001 3633 1080 3698 117:
1102 3631 1290 3720 Aspendios

253 3745 408 3813 damnata
441 3748 479 3812 ab
508 3749 607 3830 atis.)
660 3745 772 3832 Atque
800 3745 862 3809 hoo
891 3745 1040 3833 exemplo
1069 3767 1219 3829 moveor,
1252 3754 1292 3812 ut

251 3861 343 3946 XX,
364 3861 421 3944 20,
444 3859 525 3924 219:
556 3860 699 3944 Atriptea
721 3866 750 3925 et
770 3861 906 3926 sitoestre
929 3865 972 3926 est
995 3867 1023 3924 et
1044 3862 1193 3944 sativum,
1220 3879 1288 3924 oe·
