2768 4430
202 184 224 247 4

202 364 238 420 ut
267 351 513 441 grammaticam
542 349 726 415 Plinianam
757 372 809 415 mc
838 357 950 437 putem
966 349 1103 437 jamjam
1132 349 1240 416 condi-

202 467 288 532 disse
310 466 371 530 hoo
393 463 583 529 tenuissimo
607 463 733 545 libello,
764 485 828 551 quo
859 472 891 526 et
919 462 1150 528 vocabulorum
1179 461 1238 528 sim

201 578 352 667 copiosus
375 577 536 662 interpres
560 584 592 640 et
611 574 737 640 variam
760 595 870 638 eorum
894 573 1161 661 compositionem
1182 596 1238 640 seu

201 689 356 778 syntaxin
386 688 530 753 doceam.
574 685 651 752 Non
679 686 759 752 adeo
790 685 869 750 felix
897 708 957 772 ego
982 686 1128 770 cerebri!
1172 687 1238 752 Sed

200 801 292 867 initia
328 799 376 866 roi
413 799 524 863 videar
561 797 677 863 fecisse
714 806 828 863 nostra
865 805 981 861 aetate.
1040 795 1127 862 Nam
1164 807 1238 885 post

199 912 488 994 Wannowslium,
520 910 575 998 qui
604 911 727 997 primus
758 918 834 975 ante
861 910 920 974 hos
944 909 1112 975 duodecim
1136 933 1236 975 annos

198 1021 441 1114 programmate
476 1023 606 1110 publico
643 1022 863 1088 anniversario
905 1019 1078 1108 Gymnasii
1116 1021 1236 1088 Posna-

198 1137 319 1202 niensis
333 1136 357 1222 ¹)
380 1134 603 1221 quaestionem
627 1131 667 1197 de
689 1133 739 1197 his
752 1132 917 1214 instituit,
945 1153 1054 1215 nemo,
1076 1134 1110 1198 ni
1132 1135 1235 1218 fallor,

198 1257 347 1336 repertus
371 1257 436 1330 est,
469 1247 524 1333 qui
548 1247 646 1310 talem
666 1245 717 1308 vel
740 1245 878 1309 similem
902 1269 1013 1310 curam
1035 1245 1237 1334 impenderet

198 1359 364 1426 Naturalis
381 1359 547 1425 Historiae
563 1357 665 1423 libris.
695 1339 1132 1450 Ceterum'Waunowskium
1149 1358 1236 1423 vide-

197 1495 269 1538 mus
292 1480 458 1536 versatum
481 1493 552 1536 esse
574 1468 840 1535 tantummodo
831 1493 865 1534 m
888 1470 1105 1557 etymologica
1127 1470 1235 1558 operis

195 1595 289 1683 parte
318 1585 507 1667 tractanda,
533 1604 644 1672 neque
675 1592 900 1676 compertum,
907 1581 1047 1683 habeo,
1071 1605 1117 1658 an,
1134 1581 1235 1670 ,plura

196 1695 224 1796 ip
248 1697 345 1768 etiam
367 1706 481 1786 postea
502 1718 545 1778 ex
565 1695 715 1760 inchoato
739 1695 797 1777 (cf.
811 1717 888 1787 prae
890 1695 961 1781 f.at)
986 1695 1139 1781 opusculo
1162 1718 1234 1784 pro·

194 1810 316 1908 tplerit.
361 1809 477 1885 Nunc
473 1807 674 1896 praemissis
704 1808 758 1872 illc
788 1807 1069 1874 observationibus
1097 1801 1137 1872 de
1160 1807 1233 1870 snb-

194 1879 412 2002 slantivorum
436 1921 561 1997 ratione
580 1921 671 1995 ‚circa
693 1920 925 2024 adjectivorum
949 1918 1090 1984 maxime
1113 1919 1233 1985 formas

196 2044 229 2103 et
251 2035 425 2102 verborum
448 2034 629 2129 composita
652 2015 812 2098 detinetur
835 2055 894 2097 neo
920 2032 1006 2098 nisi
1014 2031 1048 2098 in
1078 2030 1232 2103 extremis

195 2145 278 2215 do''
257 2169 313 2230 ιιι,
342 2167 426 2234 quae
456 2145 497 2211 ud
521 2143 674 2238 syntaxin
696 2143 877 2208 Plinianam
900 2143 1062 2231 pertinent
1085 2165 1233 2239 quaeque

193 2257 228 2327 in
249 2257 477 2348 pertractando
498 2257 654 2345 scriptore
672 2257 781 2344 magni
801 2265 876 2321 sunt
890 2266 1048 2344 eruntque
1064 2249 1229 2354 momenti,

193 2379 231 2441 ut
253 2370 293 2436 de
315 2394 376 2438 usu
399 2369 534 2436 ablativi
557 2369 712 2455 absoluti,
736 2369 908 2434 admodum
931 2367 1044 2458 paucis
1060 2368 1165 2458 agit.
1166 2365 1230 2432 Ne·

194 2505 257 2575 quo
279 2505 375 2568 vero,
403 2483 490 2570 quod
513 2482 598 2548 infra
615 2504 679 2552 suo
702 2469 773 2546 loco
797 2481 979 2564 ostendam,
1008 2475 1113 2545 inhia
1136 2501 1230 2548 voca.-

192 2595 278 2669 bulis
301 2619 370 2660 rem
393 2596 549 2678 absolvit,
574 2595 701 2664 omissis
718 2595 807 2686 ¹'inter
830 2594 893 2658 alia
908 2595 1018 2659 multis
1034 2594 1074 2662 de
1093 2616 1228 2662 numero

193 2731 321 2795 eorum,
353 2730 435 2796 quac
462 2707 530 2783 ἰιιιιι
554 2701 736 2804 ¹eademque
764 2707 869 2775 forma
890 2703 989 2772 Plinii
1018 2708 1069 2772 vel
1099 2707 1229 2798 propria

190 2827 241 2905 (ut
268 2831 318 2910 est
332 2824 495 2904 fortassis,
525 2829 558 2884 ct
580 2819 715 2902 similia)
744 2799 797 2886 vel
826 2814 917 2904 ἅπαξ
938 2819 1092 2909 εἰρημένα
1121 2821 1229 2886 dican·

191 2943 255 3024 tur.
276 2933 415 3026 ,Verum
439 2954 538 3020 quum
560 2932 602 2998 ab
626 2929 759 2998 enordio
782 2932 882 2997 libelli
904 2934 1071 2998 confessus
1094 2935 1136 2999 sit
1159 2933 1227 3021 ipse

191 3069 229 3112 ss
250 3045 552 3132 lexicographorum
575 3045 636 3110 huc
667 3044 700 3110 in
723 3067 758 3112 re
780 3046 965 3110 testimonia
988 3058 1134 3112 secutum
1157 3070 1228 3127 esse

191 3181 291 3246 seque
312 3159 518 3248 profiteatur,
548 3156 577 3222 si
598 3158 645 3224 illi
668 3159 863 3241 erraverint,
896 3159 1013 3223 erroris
1043 3170 1227 3225 consortem

189 3271 277 3353 fors,
307 3293 349 3335 ne
379 3293 439 3336 nos
468 3271 579 3360 inique
609 3271 648 3336 de
674 3271 825 3340 laudibus
852 3273 939 3338 docti
962 3272 1021 3337 viri
1045 3273 1226 3340 detraxisse

189 3383 375 3468 videamurf,
399 3383 596 3450 monendum
619 3392 668 3452 est
691 3407 763 3452 eum
786 3385 925 3474 primum
948 3395 980 3451 et
999 3387 1101 3452 solum
1126 3387 1227 3452 fuisse

189 3496 245 3584 qui
274 3495 449 3562 constituto
480 3496 619 3585 quodam
647 3496 753 3564 indice
782 3496 1014 3564 vocabulorum
1043 3519 1126 3588 quae
1152 3519 1225 3588 pro-

257 3846 281 3915 1)
298 3847 450 3916 Progrumm
466 3849 511 3904 des
527 3849 554 3902 k.
572 3847 882 3917 Marion-Gymnasium
900 3867 933 3904 ru
949 3851 1047 3916 Possn,
1068 3851 1145 3902 1847.
