2768 4430
1057 223 1104 296 ω.

143 400 177 464 4.
201 399 250 464 De
267 400 507 490 Proepeeiliooe:
520 402 602 489 τιτὸ,
631 399 811 498 Reliquum
824 411 897 496 est,
912 412 948 468 ut
966 402 1101 468 mentio-

52 533 131 577 nem
157 510 308 597 adjiciam
332 512 581 599 praepositionis
601 515 671 595 aab,
694 536 778 601 quae
793 537 858 583 nou
881 515 987 582 minus
1003 538 1101 603 quam

54 622 247 712 superiores
276 621 349 688 illac
378 619 587 710 singulariter
617 623 736 692 usitate
762 625 970 714 reperitur'a
993 615 1100 694 Plinio

54 733 96 800 ‹le
120 731 338 825 significando
361 735 503 800 maxime
532 745 678 826 tempore
707 737 811 824 deque
839 740 965 803 ratione
994 760 1108 804 rerum⁴

54 845 306 913 referendorum
340 845 381 911 ad
415 839 555 912 aetatem
590 846 772 936 principum
805 847 1031 936 clarorumque
1068 846 1103 916 in

55 959 193 1024 civitate
218 958 371 1022 virorum.
409 952 512 1042 Vm,
535 957 594 1044 48,
620 955 698 1025 195:
722 960 794 1028 sol
815 963 964 1028 boellio
978 947 1103 1047 poelo.

56 1070 183 1153 XXII,
218 1069 253 1153 6,
278 1070 333 1136 11:
363 1071 503 1136 Primum
519 1073 620 1158 pilum
640 1075 667 1136 is
690 1093 851 1159 capesseus
871 1075 938 1139 sub
961 1073 1104 1138 Catulo

56 1203 105 1272 sq.
119 1187 179 1268 (sc.
192 1173 318 1267 ὑπὸτῴ
331 1189 426 1263 Κατ,
440 1185 694 1273 στρατηγοῦντος
704 1185 764 1253 rori
773 1185 880 1272 Kuel:
904 1181 948 1265 X,
960 1181 1012 1267 65,
1027 1182 1104 1249 185:

61 1297 263 1383 Qomotqm
289 1297 355 1360 sub
384 1303 548 1362 auclore
576 1297 793 1363 Aristotele
828 1304 864 1362 el
888 1288 1106 1364 Alexandri

59 1404 193 1492 Moyses·
215 1409 416 1474 mllltr‘bus
447 1405 492 1488 II,
510 1407 567 1490 lu,
588 1408 667 1474 ulss:
690 1407 765 1476 Set
787 1407 1109 1496 dieo-Aequum).-

92 1657 170 1744 IV.
230 1655 311 1740 DE
354 1651 676 1742 PEOULIARI
720 1653 975 1756 QUADAM
1015 1653 1101 1739 Vl'

394 1801 783 1890 NUMERORUM.

154 1976 209 2040 Ab
232 1975 286 2057 iis,
316 1995 399 2062 quae
426 1973 466 2036 de
495 1971 625 2037 casibus
647 1970 786 2058 obliquis
814 1969 989 2058 seperatim
1013 1969 1111 2034 hebe-

65 2088 143 2153 bam
167 2086 292 2167 dicere,
324 2086 366 2150 ad
394 2085 490 2150 alium
518 2083 708 2172 progredier
731 2105 824 2150 usum
847 2083 928 2148 satis
949 2101 1108 2147 memore-

66 2197 168 2263 bilem
198 2195 390 2261 Naturalem
412 2195 591 2262 Historiam
622 2195 851 2277 tractantibus,
883 2215 947 2282 quo
977 2194 1107 2282 quidem

67 2305 325 2374 demonstrando
343 2329 428 2372 nunc
445 2305 484 2369 ad
500 2306 568 2370 sola
582 2306 786 2372 substantiva
800 2319 993 2394 spectemus.
1008 2305 1114 2370 Hono

69 2423 156 2488 euim
187 2419 377 2510 saepissime
408 2418 495 2508 npucl
521 2416 663 2484 Plinium
691 2435 789 2485 sense
819 2419 911 2506 qussi
933 2417 1048 2482 latiore
1071 2438 1116 2483 so

67 2534 223 2602 liberiore
245 2513 443 2622 usurpantur
465 2530 551 2616 sire,
573 2539 611 2596 nt
632 2530 792 2620 hodieque
812 2531 924 2598 dieunt
943 2528 1111 2597 tiramusc-

69 2649 142 2736 tici,
164 2643 374 2735 praegnanti,
397 2645 443 2710 ita
465 2652 502 2710 ut
522 2643 617 2712 modo
641 2656 740 2710 unum
763 2644 943 2710 alterumue
961 2643 1111 2711 substan·

70 2761 175 2826 tivum
203 2759 332 2846 generis
355 2758 501 2824 obstructi
521 2757 624 2822 vicem
655 2756 803 2822 obtineat
830 2760 980 2842 colono,
1014 2743 1116 2823 modo'

24 2875 25 2882 ’
72 2871 253 2938 contrarias
284 2879 393 2956 partes
422 2867 485 2933 sibi
514 2875 641 2949 sumat,
678 2865 776 2954 idque
803 2875 869 2932 tam
900 2867 933 2932 in
962 2871 1113 2952 mopulms'

73 3005 208 3051 numero
234 2985 483 3070 quamplurali,
511 2981 650 3068 denique
674 3001 732 3046 ceu
755 3001 927 3046 commuue
950 2979 1119 3068 quoddam*

73 3119 190 3162 nomen
215 3115 312 3160 sensu
337 3095 509 3176 collective,
531 3115 626 3182 quem
650 3091 760 3157 dieunt
768 3140 778 3174 ,
801 3091 994 3158 adhibeatur
1007 3091 1045 3175 ²).

144 3337 168 3400 1)
195 3335 234 3386 Ol.
257 3348 335 3398 supra
358 3332 390 3382 de
414 3331 529 3382 ablativo
548 3330 690 3396 principatu
709 3327 818 3380 Neronis
842 3334 869 3380 et
890 3330 994 3381 similia.
1035 3331 1114 3396 Apud

77 3428 202 3480 Senecam
224 3427 265 3478 De
289 3427 376 3476 Beuef.
395 3425 449 3488 111,
472 3425 518 3486 99,
541 3431 567 3474 1:
591 3423 641 3475 Sub
665 3423 763 3475 Tiberio
784 3423 899 3474 Cessare.
933 3423 1000 3476 loro.
1019 3429 1064 3490 27,
1091 3431 1114 3476 1.

77 3520 140 3585 Vll,
160 3524 191 3587 b,
214 3526 241 3570 l:
266 3519 316 3572 Suo
335 3519 421 3584 optimo
440 3536 502 3584 repe.
538 3517 573 3570 Et
596 3519 624 3570 in
640 3519 707 3570 Plin.
726 3517 784 3571 Soc.
801 3517 869 3584 Epp,
887 3519 941 3584 111,
962 3521 988 3582 7,
1009 3521 1039 3568 3:
1062 3517 1113 3570 Suo

78 3612 184 3666 Nerone.
211 3615 278 3666 Ibid.
296 3617 388 3679 9,1e:
408 3612 459 3676 Qui
477 3611 595 3664 tribunus
614 3611 726 3666 cohortis
742 3615 785 3663 sub
801 3611 913 3664 Classico
931 3613 1023 3664 fuerat.
1045 3611 1115 3664 Ibid.

80 3709 106 3769 l,
125 3713 153 3760 τι
170 3709 222 3762 Sal
242 3727 287 3774 qno
306 3706 458 3783 (Caesare),
478 3712 522 3758 11:
540 3709 589 3760 Sol
607 3708 666 3771 illm·
688 3711 727 3774 ll,
737 3712 760 3760 6.
782 3712 826 3773 19,
845 3712 875 3758 tr
893 3706 943 3762 Sel
961 3707 1041 3760 eodem
1057 3726 1116 3775 pro-

79 3813 196 3857 curatore.
226 3806 293 3857 Ibid.
312 3806 358 3870 lv,
378 3809 407 3869 9,
429 3809 456 3852 1:
475 3801 526 3854 Suo
544 3803 705 3870 Vespasiano.

147 3898 172 3967 ²)
192 3899 231 3952 Ol.
248 3900 370 3968 Negelsb.
389 3900 448 3952 Lat.
467 3898 524 3952 Stil.
543 3900 558 3962 ἓ
574 3903 601 3950 ll
621 3915 648 3966 p.
659 3900 704 3950 40.

904 3991 939 4043 5*
