<?xml version="1.0" encoding="UTF-8"?>
<!DOCTYPE html PUBLIC "-//W3C//DTD XHTML 1.0 Transitional//EN"
    "http://www.w3.org/TR/xhtml1/DTD/xhtml1-transitional.dtd">
<html xmlns="http://www.w3.org/1999/xhtml" xml:lang="en" lang="en">
 <head>
  <title>
</title>
<meta http-equiv="Content-Type" content="text/html;charset=utf-8" />
  <meta name='ocr-system' content='tesseract 3.04.00' />
  <meta name='ocr-capabilities' content='ocr_page ocr_carea ocr_par ocr_line ocrx_word'/>
</head>
<body>
  <div class='ocr_page' id='page_1' title='image "./deusupliniano00grasgoog_0012.png"; bbox 0 0 2768 4430; ppageno 0'>
   <div class='ocr_carea' id='block_1_1' title="bbox 153 451 1196 806">
    <p class='ocr_par' dir='ltr' id='par_1_1' title="bbox 153 451 1196 806">
     <span class='ocr_line' id='line_1_1' title="bbox 157 451 1195 584; baseline -0.008 -26"><span class='ocrx_word' id='word_1_1' title='bbox 157 489 228 584; x_wconf 80' lang='lat' dir='ltr'><strong>pria</strong></span> <span class='ocrx_word' id='word_1_2' title='bbox 247 473 315 558; x_wconf 72' lang='lat' dir='ltr'><strong>&#39;silit</strong></span> <span class='ocrx_word' id='word_1_3' title='bbox 331 452 429 558; x_wconf 81' lang='lat' dir='ltr'><strong>Plinii</strong></span> <span class='ocrx_word' id='word_1_4' title='bbox 453 489 493 556; x_wconf 86' lang='lat' dir='ltr'><strong>ab</strong></span> <span class='ocrx_word' id='word_1_5' title='bbox 517 451 621 576; x_wconf 73' lang='lat' dir='ltr'><strong>eoqite</strong></span> <span class='ocrx_word' id='word_1_6' title='bbox 642 459 782 553; x_wconf 62' lang='lat' dir='ltr'><strong>firmata</strong></span> <span class='ocrx_word' id='word_1_7' title='bbox 804 502 842 552; x_wconf 85' lang='lat' dir='ltr'><strong>ac</strong></span> <span class='ocrx_word' id='word_1_8' title='bbox 864 493 1001 568; x_wconf 81' lang='lat' dir='ltr'><strong>novato,</strong></span> <span class='ocrx_word' id='word_1_9' title='bbox 1014 457 1091 548; x_wconf 77' lang='lat' dir='ltr'><strong>&#39;nist</strong></span> <span class='ocrx_word' id='word_1_10' title='bbox 1106 479 1195 570; x_wconf 71' lang='lat' dir='ltr'><strong>quod</strong></span> 
     </span>
     <span class='ocr_line' id='line_1_2' title="bbox 157 593 1196 695; baseline -0.009 -24"><span class='ocrx_word' id='word_1_11' title='bbox 157 604 426 695; x_wconf 78' lang='lat' dir='ltr'><strong>compositionem</strong></span> <span class='ocrx_word' id='word_1_12' title='bbox 445 602 498 667; x_wconf 86' lang='lat' dir='ltr'><strong>vel</strong></span> <span class='ocrx_word' id='word_1_13' title='bbox 514 601 669 690; x_wconf 87' lang='lat' dir='ltr'><strong>syntaxin</strong></span> <span class='ocrx_word' id='word_1_14' title='bbox 690 597 854 688; x_wconf 80' lang='lat' dir='ltr'><strong>neglexit,</strong></span> <span class='ocrx_word' id='word_1_15' title='bbox 876 595 969 686; x_wconf 85' lang='lat' dir='ltr'><strong>qnasi</strong></span> <span class='ocrx_word' id='word_1_16' title='bbox 984 593 1196 663; x_wconf 71' lang='lat' dir='ltr'><strong>fundeni&#39;e&#39;ritd</strong></span> 
     </span>
     <span class='ocr_line' id='line_1_3' title="bbox 153 711 1098 806; baseline -0.011 -23"><span class='ocrx_word' id='word_1_17' title='bbox 153 719 279 806; x_wconf 72' lang='lat' dir='ltr'><strong>jaceret</strong></span> <span class='ocrx_word' id='word_1_18' title='bbox 302 714 461 798; x_wconf 86' lang='lat' dir='ltr'><strong>condendi</strong></span> <span class='ocrx_word' id='word_1_19' title='bbox 482 713 673 798; x_wconf 82' lang='lat' dir='ltr'><strong>onomastici</strong></span> <span class='ocrx_word' id='word_1_20' title='bbox 695 711 845 800; x_wconf 81' lang='lat' dir='ltr'><strong>Pliniani.</strong></span> <span class='ocrx_word' id='word_1_21' title='bbox 1062 791 1065 798; x_wconf 25' lang='grc' dir='ltr'>Ι</span> <span class='ocrx_word' id='word_1_22' title='bbox 1094 789 1098 798; x_wconf 93' lang='lat'>.</span> 
     </span>
    </p>
   </div>
   <div class='ocr_carea' id='block_1_2' title="bbox 59 901 1196 4058">
    <p class='ocr_par' dir='ltr' id='par_1_2' title="bbox 59 901 1196 3382">
     <span class='ocr_line' id='line_1_4' title="bbox 162 901 1196 1031; baseline -0.004 -25"><span class='ocrx_word' id='word_1_23' title='bbox 162 923 207 954; x_wconf 46' lang='lat'><strong>‘⁹</strong></span> <span class='ocrx_word' id='word_1_24' title='bbox 244 935 353 1028; x_wconf 59' lang='lat' dir='ltr'><strong>Atque</strong></span> <span class='ocrx_word' id='word_1_25' title='bbox 376 925 603 1053; x_wconf 37' lang='lat' dir='ltr'><strong>adl&#39;ea&#39;squae</strong></span> <span class='ocrx_word' id='word_1_26' title='bbox 626 901 929 1031; x_wconf 53' lang='lat' dir='ltr'><strong>fundenielita¹⁴dsee</strong></span> <span class='ocrx_word' id='word_1_27' title='bbox 947 933 1014 1000; x_wconf 84' lang='lat' dir='ltr'><strong>dlxi</strong></span> <span class='ocrx_word' id='word_1_28' title='bbox 1036 922 1196 1028; x_wconf 71' lang='lat' dir='ltr'><strong>gramind³</strong></span> 
     </span>
     <span class='ocr_line' id='line_1_5' title="bbox 157 1032 1196 1139; baseline -0.006 -22"><span class='ocrx_word' id='word_1_29' title='bbox 157 1037 244 1118; x_wconf 76' lang='lat' dir='ltr'><strong>tinae</strong></span> <span class='ocrx_word' id='word_1_30' title='bbox 263 1037 462 1134; x_wconf 79' lang='lat' dir='ltr'><strong>Pliriiariae</strong></span> <span class='ocrx_word' id='word_1_31' title='bbox 461 1075 513 1116; x_wconf 89' lang='lat' dir='ltr'><strong>me</strong></span> <span class='ocrx_word' id='word_1_32' title='bbox 534 1032 685 1138; x_wconf 79' lang='lat' dir='ltr'><strong>qno&#39;qne</strong></span> <span class='ocrx_word' id='word_1_33' title='bbox 687 1051 797 1137; x_wconf 79' lang='lat' dir='ltr'><strong>&#39;spero</strong></span> <span class='ocrx_word' id='word_1_34' title='bbox 820 1037 1023 1137; x_wconf 84' lang='lat' dir='ltr'><strong>propositis</strong></span> <span class='ocrx_word' id='word_1_35' title='bbox 1019 1045 1068 1111; x_wconf 86' lang='lat' dir='ltr'><strong>his</strong></span> <span class='ocrx_word' id='word_1_36' title='bbox 1091 1044 1196 1139; x_wconf 69' lang='lat' dir='ltr'><strong>gram-²</strong></span> 
     </span>
     <span class='ocr_line' id='line_1_6' title="bbox 156 1155 1195 1272; baseline -0.006 -42"><span class='ocrx_word' id='word_1_37' title='bbox 156 1176 224 1232; x_wconf 90' lang='lat' dir='ltr'><strong>mat</strong></span> <span class='ocrx_word' id='word_1_38' title='bbox 225 1162 286 1230; x_wconf 90' lang='lat' dir='ltr'><strong>icis</strong></span> <span class='ocrx_word' id='word_1_39' title='bbox 296 1173 408 1252; x_wconf 87' lang='lat' dir='ltr'><strong>quaest</strong></span> <span class='ocrx_word' id='word_1_40' title='bbox 396 1165 541 1272; x_wconf 75' lang='lat' dir='ltr'><strong>tionibus</strong></span> <span class='ocrx_word' id='word_1_41' title='bbox 560 1161 707 1229; x_wconf 80' lang='lat' dir='ltr'><strong>donbihil</strong></span> <span class='ocrx_word' id='word_1_42' title='bbox 730 1161 922 1226; x_wconf 86' lang='lat' dir='ltr'><strong>collaturum</strong></span> <span class='ocrx_word' id='word_1_43' title='bbox 946 1155 1095 1225; x_wconf 86' lang='lat' dir='ltr'><strong>evolutis</strong></span> <span class='ocrx_word' id='word_1_44' title='bbox 1102 1156 1195 1224; x_wconf 75' lang='lat' dir='ltr'><strong>libris</strong></span> 
     </span>
     <span class='ocr_line' id='line_1_7' title="bbox 155 1249 1196 1370; baseline -0.004 -28"><span class='ocrx_word' id='word_1_45' title='bbox 155 1273 324 1343; x_wconf 83' lang='lat' dir='ltr'><strong>N‘atur&#39;alis</strong></span> <span class='ocrx_word' id='word_1_46' title='bbox 347 1277 453 1342; x_wconf 86' lang='lat' dir='ltr'><strong>Hist&#39;</strong></span> <span class='ocrx_word' id='word_1_47' title='bbox 412 1263 515 1342; x_wconf 82' lang='lat' dir='ltr'><strong>toriae</strong></span> <span class='ocrx_word' id='word_1_48' title='bbox 535 1273 694 1370; x_wconf 85' lang='lat' dir='ltr'><strong>saepius</strong></span> <span class='ocrx_word' id='word_1_49' title='bbox 700 1263 916 1366; x_wconf 70' lang='lat' dir='ltr'><strong>adjectisque</strong></span> <span class='ocrx_word' id='word_1_50' title='bbox 923 1273 961 1338; x_wconf 89' lang='lat' dir='ltr'><strong>in</strong></span> <span class='ocrx_word' id='word_1_51' title='bbox 984 1249 1196 1364; x_wconf 76' lang='lat' dir='ltr'><strong>comparatid</strong></span> 
     </span>
     <span class='ocr_line' id='line_1_8' title="bbox 155 1379 1195 1471; baseline -0.003 -17"><span class='ocrx_word' id='word_1_52' title='bbox 155 1381 231 1454; x_wconf 90' lang='lat' dir='ltr'><strong>nem</strong></span> <span class='ocrx_word' id='word_1_53' title='bbox 260 1389 307 1454; x_wconf 89' lang='lat' dir='ltr'><strong>rei</strong></span> <span class='ocrx_word' id='word_1_54' title='bbox 336 1387 500 1471; x_wconf 72' lang='lat' dir='ltr'><strong>Senecae,</strong></span> <span class='ocrx_word' id='word_1_55' title='bbox 520 1379 669 1470; x_wconf 66' lang='lat' dir='ltr'><strong>Taciti,</strong></span> <span class='ocrx_word' id='word_1_56' title='bbox 672 1379 830 1452; x_wconf 76' lang='lat' dir='ltr'><strong>minoris</strong></span> <span class='ocrx_word' id='word_1_57' title='bbox 858 1383 979 1467; x_wconf 81' lang='lat' dir='ltr'><strong>Plinii,</strong></span> <span class='ocrx_word' id='word_1_58' title='bbox 989 1379 1195 1464; x_wconf 69' lang='lat' dir='ltr'><strong>Quintiliani</strong></span> 
     </span>
     <span class='ocr_line' id='line_1_9' title="bbox 157 1497 1194 1589; baseline -0.004 -23"><span class='ocrx_word' id='word_1_59' title='bbox 157 1502 359 1588; x_wconf 83' lang='lat' dir='ltr'><strong>aliorumque</strong></span> <span class='ocrx_word' id='word_1_60' title='bbox 376 1501 520 1589; x_wconf 88' lang='lat' dir='ltr'><strong>scriptis:</strong></span> <span class='ocrx_word' id='word_1_61' title='bbox 540 1501 625 1567; x_wconf 89' lang='lat' dir='ltr'><strong>unde</strong></span> <span class='ocrx_word' id='word_1_62' title='bbox 643 1509 799 1588; x_wconf 86' lang='lat' dir='ltr'><strong>appareat</strong></span> <span class='ocrx_word' id='word_1_63' title='bbox 810 1509 932 1587; x_wconf 88' lang='lat' dir='ltr'><strong>quanto</strong></span> <span class='ocrx_word' id='word_1_64' title='bbox 952 1521 1050 1586; x_wconf 88' lang='lat' dir='ltr'><strong>opere</strong></span> <span class='ocrx_word' id='word_1_65' title='bbox 1068 1497 1194 1563; x_wconf 78' lang='lat' dir='ltr'><strong>Plinius</strong></span> 
     </span>
     <span class='ocr_line' id='line_1_10' title="bbox 157 1610 1194 1698; baseline -0.002 -21"><span class='ocrx_word' id='word_1_66' title='bbox 157 1635 176 1677; x_wconf 87' lang='lat' dir='ltr'><strong>a</strong></span> <span class='ocrx_word' id='word_1_67' title='bbox 203 1613 367 1678; x_wconf 88' lang='lat' dir='ltr'><strong>communi</strong></span> <span class='ocrx_word' id='word_1_68' title='bbox 389 1614 564 1678; x_wconf 82' lang='lat' dir='ltr'><strong>verborum</strong></span> <span class='ocrx_word' id='word_1_69' title='bbox 587 1612 821 1678; x_wconf 90' lang='lat' dir='ltr'><strong>consuetudine</strong></span> <span class='ocrx_word' id='word_1_70' title='bbox 850 1631 975 1698; x_wconf 88' lang='lat' dir='ltr'><strong>usuque</strong></span> <span class='ocrx_word' id='word_1_71' title='bbox 1003 1610 1194 1698; x_wconf 87' lang='lat' dir='ltr'><strong>quotidiano</strong></span> 
     </span>
     <span class='ocr_line' id='line_1_11' title="bbox 156 1725 1194 1814; baseline -0.003 -24"><span class='ocrx_word' id='word_1_72' title='bbox 156 1725 342 1790; x_wconf 78' lang='lat' dir='ltr'><strong>discesserit</strong></span> <span class='ocrx_word' id='word_1_73' title='bbox 356 1734 578 1814; x_wconf 88' lang='lat' dir='ltr'><strong>quantumque</strong></span> <span class='ocrx_word' id='word_1_74' title='bbox 592 1725 625 1790; x_wconf 91' lang='lat' dir='ltr'><strong>in</strong></span> <span class='ocrx_word' id='word_1_75' title='bbox 640 1727 782 1791; x_wconf 88' lang='lat' dir='ltr'><strong>maxima</strong></span> <span class='ocrx_word' id='word_1_76' title='bbox 791 1746 898 1789; x_wconf 91' lang='lat' dir='ltr'><strong>rerum</strong></span> <span class='ocrx_word' id='word_1_77' title='bbox 914 1731 1194 1810; x_wconf 85' lang='lat' dir='ltr'><strong>argumentorum·</strong></span> 
     </span>
     <span class='ocr_line' id='line_1_12' title="bbox 87 1833 1195 1925; baseline -0.004 -23"><span class='ocrx_word' id='word_1_78' title='bbox 87 1911 89 1916; x_wconf 21' lang='lat'><strong><em>¹</em></strong></span> <span class='ocrx_word' id='word_1_79' title='bbox 155 1859 219 1924; x_wconf 88' lang='lat' dir='ltr'><strong>que</strong></span> <span class='ocrx_word' id='word_1_80' title='bbox 247 1839 340 1925; x_wconf 84' lang='lat' dir='ltr'><strong>copia</strong></span> <span class='ocrx_word' id='word_1_81' title='bbox 368 1838 590 1925; x_wconf 84' lang='lat' dir='ltr'><strong>magnitudine</strong></span> <span class='ocrx_word' id='word_1_82' title='bbox 621 1837 834 1925; x_wconf 86' lang='lat' dir='ltr'><strong>amplitudine</strong></span> <span class='ocrx_word' id='word_1_83' title='bbox 857 1835 1031 1902; x_wconf 89' lang='lat' dir='ltr'><strong>contulerit</strong></span> <span class='ocrx_word' id='word_1_84' title='bbox 1052 1833 1195 1899; x_wconf 88' lang='lat' dir='ltr'><strong>sermoni</strong></span> 
     </span>
     <span class='ocr_line' id='line_1_13' title="bbox 153 1943 1195 2038; baseline -0.002 -24"><span class='ocrx_word' id='word_1_85' title='bbox 153 1948 273 2014; x_wconf 87' lang='lat' dir='ltr'><strong>Latino</strong></span> <span class='ocrx_word' id='word_1_86' title='bbox 288 2000 297 2033; x_wconf 92' lang='lat'><strong>,</strong></span> <span class='ocrx_word' id='word_1_87' title='bbox 339 1952 443 2038; x_wconf 82' lang='lat' dir='ltr'><strong>qualis</strong></span> <span class='ocrx_word' id='word_1_88' title='bbox 474 1951 607 2038; x_wconf 82' lang='lat' dir='ltr'><strong>vigebat</strong></span> <span class='ocrx_word' id='word_1_89' title='bbox 629 1943 738 2038; x_wconf 58' lang='lat' dir='ltr'><strong>&#39;ipsius</strong></span> <span class='ocrx_word' id='word_1_90' title='bbox 769 1959 893 2034; x_wconf 81' lang='lat' dir='ltr'><strong>aetate,</strong></span> <span class='ocrx_word' id='word_1_91' title='bbox 934 1946 1129 2038; x_wconf 89' lang='lat' dir='ltr'><strong>proferendo</strong></span> <span class='ocrx_word' id='word_1_92' title='bbox 1161 1956 1195 2012; x_wconf 89' lang='lat' dir='ltr'><strong>et</strong></span> 
     </span>
     <span class='ocr_line' id='line_1_14' title="bbox 155 2059 1193 2152; baseline -0.003 -25"><span class='ocrx_word' id='word_1_93' title='bbox 155 2063 315 2152; x_wconf 68' lang='lat' dir='ltr'><strong>augendis</strong></span> <span class='ocrx_word' id='word_1_94' title='bbox 334 2064 469 2128; x_wconf 90' lang='lat' dir='ltr'><strong>vocibus</strong></span> <span class='ocrx_word' id='word_1_95' title='bbox 488 2072 520 2128; x_wconf 91' lang='lat' dir='ltr'><strong>et</strong></span> <span class='ocrx_word' id='word_1_96' title='bbox 539 2063 709 2130; x_wconf 82' lang='lat' dir='ltr'><strong>novandas</strong></span> <span class='ocrx_word' id='word_1_97' title='bbox 725 2061 1034 2150; x_wconf 81' lang='lat' dir='ltr'><strong>amplificandeeque</strong></span> <span class='ocrx_word' id='word_1_98' title='bbox 1050 2059 1193 2125; x_wconf 91' lang='lat' dir='ltr'><strong>dictioni.</strong></span> 
     </span>
     <span class='ocr_line' id='line_1_15' title="bbox 154 2165 1194 2263; baseline -0.004 -23"><span class='ocrx_word' id='word_1_99' title='bbox 154 2175 200 2240; x_wconf 86' lang='lat' dir='ltr'><strong>Et</strong></span> <span class='ocrx_word' id='word_1_100' title='bbox 222 2177 398 2240; x_wconf 85' lang='lat' dir='ltr'><strong>movebant</strong></span> <span class='ocrx_word' id='word_1_101' title='bbox 421 2199 488 2258; x_wconf 92' lang='lat' dir='ltr'><strong>me,</strong></span> <span class='ocrx_word' id='word_1_102' title='bbox 511 2184 547 2241; x_wconf 90' lang='lat' dir='ltr'><strong>ut</strong></span> <span class='ocrx_word' id='word_1_103' title='bbox 574 2177 659 2241; x_wconf 90' lang='lat' dir='ltr'><strong>hunc</strong></span> <span class='ocrx_word' id='word_1_104' title='bbox 682 2193 800 2263; x_wconf 84' lang='lat' dir='ltr'><strong>operas</strong></span> <span class='ocrx_word' id='word_1_105' title='bbox 826 2175 922 2240; x_wconf 91' lang='lat' dir='ltr'><strong>finem</strong></span> <span class='ocrx_word' id='word_1_106' title='bbox 940 2165 1194 2261; x_wconf 55' lang='lat' dir='ltr'><strong>mihi‘proponc·</strong></span> 
     </span>
     <span class='ocr_line' id='line_1_16' title="bbox 153 2284 1194 2372; baseline 0.002 -22"><span class='ocrx_word' id='word_1_107' title='bbox 153 2295 222 2351; x_wconf 76' lang='lat' dir='ltr'><strong>rem</strong></span> <span class='ocrx_word' id='word_1_108' title='bbox 232 2335 240 2367; x_wconf 93' lang='lat'><strong>,</strong></span> <span class='ocrx_word' id='word_1_109' title='bbox 265 2308 348 2372; x_wconf 90' lang='lat' dir='ltr'><strong>quae</strong></span> <span class='ocrx_word' id='word_1_110' title='bbox 365 2287 529 2351; x_wconf 81' lang='lat' dir='ltr'><strong>Urlicbstus</strong></span> <span class='ocrx_word' id='word_1_111' title='bbox 544 2287 577 2350; x_wconf 92' lang='lat' dir='ltr'><strong>in</strong></span> <span class='ocrx_word' id='word_1_112' title='bbox 591 2285 855 2350; x_wconf 84' lang='lat' dir='ltr'><strong>Chrestomathia</strong></span> <span class='ocrx_word' id='word_1_113' title='bbox 872 2284 1023 2350; x_wconf 77' lang='lat' dir='ltr'><strong>Pliniana</strong></span> <span class='ocrx_word' id='word_1_114' title='bbox 1038 2293 1113 2350; x_wconf 83' lang='lat' dir='ltr'><strong>ante</strong></span> <span class='ocrx_word' id='word_1_115' title='bbox 1131 2287 1194 2352; x_wconf 91' lang='lat' dir='ltr'><strong>hoo</strong></span> 
     </span>
     <span class='ocr_line' id='line_1_17' title="bbox 152 2397 1194 2488; baseline 0.001 -26"><span class='ocrx_word' id='word_1_116' title='bbox 152 2398 319 2463; x_wconf 88' lang='lat' dir='ltr'><strong>biennium</strong></span> <span class='ocrx_word' id='word_1_117' title='bbox 355 2397 442 2463; x_wconf 87' lang='lat' dir='ltr'><strong>edita</strong></span> <span class='ocrx_word' id='word_1_118' title='bbox 473 2398 597 2488; x_wconf 84' lang='lat' dir='ltr'><strong>passim</strong></span> <span class='ocrx_word' id='word_1_119' title='bbox 628 2397 667 2462; x_wconf 91' lang='lat' dir='ltr'><strong>de</strong></span> <span class='ocrx_word' id='word_1_120' title='bbox 697 2397 790 2462; x_wconf 86' lang='lat' dir='ltr'><strong>vario</strong></span> <span class='ocrx_word' id='word_1_121' title='bbox 823 2421 883 2462; x_wconf 92' lang='lat' dir='ltr'><strong>usu</strong></span> <span class='ocrx_word' id='word_1_122' title='bbox 911 2397 1085 2463; x_wconf 90' lang='lat' dir='ltr'><strong>verborum</strong></span> <span class='ocrx_word' id='word_1_123' title='bbox 1121 2397 1194 2463; x_wconf 90' lang='lat' dir='ltr'><strong>sub·</strong></span> 
     </span>
     <span class='ocr_line' id='line_1_18' title="bbox 152 2508 1193 2598; baseline 0 -24"><span class='ocrx_word' id='word_1_124' title='bbox 152 2511 326 2598; x_wconf 84' lang='lat' dir='ltr'><strong>scripserat</strong></span> <span class='ocrx_word' id='word_1_125' title='bbox 345 2509 396 2575; x_wconf 91' lang='lat' dir='ltr'><strong>vel</strong></span> <span class='ocrx_word' id='word_1_126' title='bbox 419 2510 534 2592; x_wconf 84' lang='lat' dir='ltr'><strong>tacito,</strong></span> <span class='ocrx_word' id='word_1_127' title='bbox 558 2517 656 2598; x_wconf 92' lang='lat' dir='ltr'><strong>prout</strong></span> <span class='ocrx_word' id='word_1_128' title='bbox 679 2509 750 2598; x_wconf 85' lang='lat' dir='ltr'><strong>ipsa</strong></span> <span class='ocrx_word' id='word_1_129' title='bbox 773 2509 923 2575; x_wconf 88' lang='lat' dir='ltr'><strong>editionis</strong></span> <span class='ocrx_word' id='word_1_130' title='bbox 945 2509 1029 2576; x_wconf 91' lang='lat' dir='ltr'><strong>ratio</strong></span> <span class='ocrx_word' id='word_1_131' title='bbox 1051 2508 1193 2597; x_wconf 83' lang='lat' dir='ltr'><strong>postule·</strong></span> 
     </span>
     <span class='ocr_line' id='line_1_19' title="bbox 59 2621 1192 2709; baseline 0 -23"><span class='ocrx_word' id='word_1_132' title='bbox 59 2631 62 2637; x_wconf 89' lang='lat'>&#39;</span> <span class='ocrx_word' id='word_1_133' title='bbox 150 2621 222 2704; x_wconf 89' lang='lat' dir='ltr'><strong>bat,</strong></span> <span class='ocrx_word' id='word_1_134' title='bbox 260 2622 508 2709; x_wconf 85' lang='lat' dir='ltr'><strong>significaverat.</strong></span> <span class='ocrx_word' id='word_1_135' title='bbox 556 2621 683 2702; x_wconf 82' lang='lat' dir='ltr'><strong>Quibus</strong></span> <span class='ocrx_word' id='word_1_136' title='bbox 714 2645 775 2708; x_wconf 89' lang='lat' dir='ltr'><strong>ego</strong></span> <span class='ocrx_word' id='word_1_137' title='bbox 805 2623 885 2688; x_wconf 88' lang='lat' dir='ltr'><strong>visis</strong></span> <span class='ocrx_word' id='word_1_138' title='bbox 914 2621 1014 2688; x_wconf 91' lang='lat' dir='ltr'><strong>libros</strong></span> <span class='ocrx_word' id='word_1_139' title='bbox 1046 2621 1192 2709; x_wconf 82' lang='lat' dir='ltr'><strong>singulos</strong></span> 
     </span>
     <span class='ocr_line' id='line_1_20' title="bbox 148 2731 1195 2827; baseline 0.001 -29"><span class='ocrx_word' id='word_1_140' title='bbox 148 2731 225 2798; x_wconf 87' lang='lat' dir='ltr'><strong>Nat</strong></span> <span class='ocrx_word' id='word_1_141' title='bbox 241 2732 329 2799; x_wconf 90' lang='lat' dir='ltr'><strong>Hist.</strong></span> <span class='ocrx_word' id='word_1_142' title='bbox 346 2731 450 2798; x_wconf 89' lang='lat' dir='ltr'><strong>denuo</strong></span> <span class='ocrx_word' id='word_1_143' title='bbox 468 2733 578 2821; x_wconf 86' lang='lat' dir='ltr'><strong>legero</strong></span> <span class='ocrx_word' id='word_1_144' title='bbox 594 2734 831 2799; x_wconf 85' lang='lat' dir='ltr'><strong>constituebam</strong></span> <span class='ocrx_word' id='word_1_145' title='bbox 847 2744 1079 2823; x_wconf 83' lang='lat' dir='ltr'><strong>accurateque,</strong></span> <span class='ocrx_word' id='word_1_146' title='bbox 1103 2734 1195 2827; x_wconf 90' lang='lat' dir='ltr'><strong>quid-</strong></span> 
     </span>
     <span class='ocr_line' id='line_1_21' title="bbox 149 2844 1193 2938; baseline 0.003 -30"><span class='ocrx_word' id='word_1_147' title='bbox 149 2844 283 2931; x_wconf 89' lang='lat' dir='ltr'><strong>quidm</strong></span> <span class='ocrx_word' id='word_1_148' title='bbox 307 2847 524 2936; x_wconf 83' lang='lat' dir='ltr'><strong>comparanda</strong></span> <span class='ocrx_word' id='word_1_149' title='bbox 548 2855 581 2911; x_wconf 87' lang='lat' dir='ltr'><strong>et</strong></span> <span class='ocrx_word' id='word_1_150' title='bbox 605 2846 798 2936; x_wconf 86' lang='lat' dir='ltr'><strong>explicanda</strong></span> <span class='ocrx_word' id='word_1_151' title='bbox 821 2848 954 2934; x_wconf 87' lang='lat' dir='ltr'><strong>syntaxi</strong></span> <span class='ocrx_word' id='word_1_152' title='bbox 983 2847 1193 2938; x_wconf 88' lang='lat' dir='ltr'><strong>responderet</strong></span> 
     </span>
     <span class='ocr_line' id='line_1_22' title="bbox 149 2957 1193 3047; baseline 0.003 -27"><span class='ocrx_word' id='word_1_153' title='bbox 149 2959 334 3045; x_wconf 91' lang='lat' dir='ltr'><strong>proposito,</strong></span> <span class='ocrx_word' id='word_1_154' title='bbox 362 2968 510 3045; x_wconf 87' lang='lat' dir='ltr'><strong>repetere</strong></span> <span class='ocrx_word' id='word_1_155' title='bbox 541 2967 639 3047; x_wconf 89' lang='lat' dir='ltr'><strong>atque</strong></span> <span class='ocrx_word' id='word_1_156' title='bbox 668 2957 714 3023; x_wconf 90' lang='lat' dir='ltr'><strong>ita</strong></span> <span class='ocrx_word' id='word_1_157' title='bbox 746 2959 875 3042; x_wconf 80' lang='lat' dir='ltr'><strong>demum</strong></span> <span class='ocrx_word' id='word_1_158' title='bbox 906 2957 1000 3046; x_wconf 83' lang='lat' dir='ltr'><strong>qussi</strong></span> <span class='ocrx_word' id='word_1_159' title='bbox 1029 2981 1115 3024; x_wconf 86' lang='lat' dir='ltr'><strong>nova</strong></span> <span class='ocrx_word' id='word_1_160' title='bbox 1145 2959 1193 3023; x_wconf 91' lang='lat' dir='ltr'><strong>in.</strong></span> 
     </span>
     <span class='ocr_line' id='line_1_23' title="bbox 150 3069 1192 3159; baseline 0.004 -27"><span class='ocrx_word' id='word_1_161' title='bbox 150 3069 317 3134; x_wconf 88' lang='lat' dir='ltr'><strong>cedentem</strong></span> <span class='ocrx_word' id='word_1_162' title='bbox 357 3071 411 3135; x_wconf 85' lang='lat' dir='ltr'><strong>vin</strong></span> <span class='ocrx_word' id='word_1_163' title='bbox 452 3071 598 3136; x_wconf 90' lang='lat' dir='ltr'><strong>conferre</strong></span> <span class='ocrx_word' id='word_1_164' title='bbox 645 3071 846 3157; x_wconf 87' lang='lat' dir='ltr'><strong>aliquantum</strong></span> <span class='ocrx_word' id='word_1_165' title='bbox 887 3093 960 3136; x_wconf 86' lang='lat' dir='ltr'><strong>cunr</strong></span> <span class='ocrx_word' id='word_1_166' title='bbox 1002 3071 1043 3136; x_wconf 85' lang='lat' dir='ltr'><strong>ad</strong></span> <span class='ocrx_word' id='word_1_167' title='bbox 1084 3071 1192 3159; x_wconf 91' lang='lat' dir='ltr'><strong>operis</strong></span> 
     </span>
     <span class='ocr_line' id='line_1_24' title="bbox 150 3179 1191 3272; baseline 0.006 -29"><span class='ocrx_word' id='word_1_168' title='bbox 150 3179 329 3245; x_wconf 88' lang='lat' dir='ltr'><strong>difficillimi</strong></span> <span class='ocrx_word' id='word_1_169' title='bbox 365 3182 693 3272; x_wconf 86' lang='lat' dir='ltr'><strong>interpretationem,</strong></span> <span class='ocrx_word' id='word_1_170' title='bbox 739 3191 808 3247; x_wconf 90' lang='lat' dir='ltr'><strong>tum</strong></span> <span class='ocrx_word' id='word_1_171' title='bbox 843 3181 885 3247; x_wconf 81' lang='lat' dir='ltr'><strong>nd</strong></span> <span class='ocrx_word' id='word_1_172' title='bbox 916 3182 1042 3248; x_wconf 88' lang='lat' dir='ltr'><strong>litteras</strong></span> <span class='ocrx_word' id='word_1_173' title='bbox 1073 3181 1191 3249; x_wconf 86' lang='lat' dir='ltr'><strong>latinas</strong></span> 
     </span>
     <span class='ocr_line' id='line_1_25' title="bbox 151 3293 1191 3382; baseline 0.006 -26"><span class='ocrx_word' id='word_1_174' title='bbox 151 3293 314 3380; x_wconf 80' lang='lat' dir='ltr'><strong>argentei,</strong></span> <span class='ocrx_word' id='word_1_175' title='bbox 345 3294 430 3382; x_wconf 91' lang='lat' dir='ltr'><strong>quod</strong></span> <span class='ocrx_word' id='word_1_176' title='bbox 454 3305 589 3379; x_wconf 87' lang='lat' dir='ltr'><strong>vocant,</strong></span> <span class='ocrx_word' id='word_1_177' title='bbox 619 3293 739 3360; x_wconf 87' lang='lat' dir='ltr'><strong>saeculi</strong></span> <span class='ocrx_word' id='word_1_178' title='bbox 768 3294 985 3382; x_wconf 87' lang='lat' dir='ltr'><strong>exquirendas</strong></span> <span class='ocrx_word' id='word_1_179' title='bbox 1007 3305 1040 3360; x_wconf 86' lang='lat' dir='ltr'><strong>ct</strong></span> <span class='ocrx_word' id='word_1_180' title='bbox 1063 3319 1191 3363; x_wconf 85' lang='lat' dir='ltr'><strong>accura-</strong></span> 
     </span>
    </p>

    <p class='ocr_par' dir='ltr' id='par_1_3' title="bbox 92 3405 1192 4058">
     <span class='ocr_line' id='line_1_26' title="bbox 149 3405 1192 3498; baseline 0.003 -29"><span class='ocrx_word' id='word_1_181' title='bbox 149 3405 214 3470; x_wconf 92' lang='lat' dir='ltr'><strong>tius</strong></span> <span class='ocrx_word' id='word_1_182' title='bbox 238 3407 489 3492; x_wconf 85' lang='lat' dir='ltr'><strong>cognosoendas.</strong></span> <span class='ocrx_word' id='word_1_183' title='bbox 525 3408 566 3473; x_wconf 92' lang='lat' dir='ltr'><strong>In</strong></span> <span class='ocrx_word' id='word_1_184' title='bbox 589 3430 652 3498; x_wconf 88' lang='lat' dir='ltr'><strong>quo</strong></span> <span class='ocrx_word' id='word_1_185' title='bbox 676 3407 806 3495; x_wconf 88' lang='lat' dir='ltr'><strong>quidem</strong></span> <span class='ocrx_word' id='word_1_186' title='bbox 830 3406 938 3490; x_wconf 89' lang='lat' dir='ltr'><strong>doleo,</strong></span> <span class='ocrx_word' id='word_1_187' title='bbox 962 3407 1049 3494; x_wconf 92' lang='lat' dir='ltr'><strong>quod</strong></span> <span class='ocrx_word' id='word_1_188' title='bbox 1071 3409 1192 3474; x_wconf 88' lang='lat' dir='ltr'><strong>attinet</strong></span> 
     </span>
     <span class='ocr_line' id='line_1_27' title="bbox 92 3495 1191 3607; baseline 0.004 -25"><span class='ocrx_word' id='word_1_189' title='bbox 92 3495 101 3514; x_wconf 67' lang='grc'><em>’</em></span> <span class='ocrx_word' id='word_1_190' title='bbox 149 3518 190 3583; x_wconf 86' lang='lat' dir='ltr'><strong>ad</strong></span> <span class='ocrx_word' id='word_1_191' title='bbox 219 3518 368 3584; x_wconf 90' lang='lat' dir='ltr'><strong>lectionis</strong></span> <span class='ocrx_word' id='word_1_192' title='bbox 391 3518 643 3607; x_wconf 87' lang='lat' dir='ltr'><strong>discrepantias,</strong></span> <span class='ocrx_word' id='word_1_193' title='bbox 673 3519 870 3586; x_wconf 85' lang='lat' dir='ltr'><strong>novissimae</strong></span> <span class='ocrx_word' id='word_1_194' title='bbox 899 3541 996 3585; x_wconf 85' lang='lat' dir='ltr'><strong>curae</strong></span> <span class='ocrx_word' id='word_1_195' title='bbox 1024 3523 1100 3588; x_wconf 75' lang='lat' dir='ltr'><strong>Jant</strong></span> <span class='ocrx_word' id='word_1_196' title='bbox 1128 3520 1191 3586; x_wconf 89' lang='lat' dir='ltr'><strong>tria</strong></span> 
     </span>
     <span class='ocr_line' id='line_1_28' title="bbox 149 3607 1188 3723; baseline 0.002 -29"><span class='ocrx_word' id='word_1_197' title='bbox 149 3607 274 3697; x_wconf 79' lang='lat' dir='ltr'><strong>tantum</strong></span> <span class='ocrx_word' id='word_1_198' title='bbox 298 3633 406 3719; x_wconf 88' lang='lat' dir='ltr'><strong>priora</strong></span> <span class='ocrx_word' id='word_1_199' title='bbox 429 3631 594 3699; x_wconf 83' lang='lat' dir='ltr'><strong>volumina</strong></span> <span class='ocrx_word' id='word_1_200' title='bbox 622 3642 753 3723; x_wconf 86' lang='lat' dir='ltr'><strong>praesto</strong></span> <span class='ocrx_word' id='word_1_201' title='bbox 783 3633 862 3699; x_wconf 91' lang='lat' dir='ltr'><strong>mihi</strong></span> <span class='ocrx_word' id='word_1_202' title='bbox 890 3633 1008 3717; x_wconf 86' lang='lat' dir='ltr'><strong>fuisse,</strong></span> <span class='ocrx_word' id='word_1_203' title='bbox 1040 3641 1188 3719; x_wconf 88' lang='lat' dir='ltr'><strong>quartum</strong></span> 
     </span>
     <span class='ocr_line' id='line_1_29' title="bbox 148 3730 1188 3833; baseline 0.004 -25"><span class='ocrx_word' id='word_1_204' title='bbox 148 3765 234 3808; x_wconf 92' lang='lat' dir='ltr'><strong>nunc</strong></span> <span class='ocrx_word' id='word_1_205' title='bbox 266 3744 408 3810; x_wconf 65' lang='lat' dir='ltr'><strong>demum«</strong></span> <span class='ocrx_word' id='word_1_206' title='bbox 426 3730 527 3832; x_wconf 86' lang='lat' dir='ltr'><strong>quum</strong></span> <span class='ocrx_word' id='word_1_207' title='bbox 558 3745 639 3811; x_wconf 89' lang='lat' dir='ltr'><strong>haec</strong></span> <span class='ocrx_word' id='word_1_208' title='bbox 674 3746 780 3812; x_wconf 87' lang='lat' dir='ltr'><strong>scribo</strong></span> <span class='ocrx_word' id='word_1_209' title='bbox 814 3746 846 3812; x_wconf 93' lang='lat' dir='ltr'><strong>in</strong></span> <span class='ocrx_word' id='word_1_210' title='bbox 882 3745 987 3811; x_wconf 93' lang='lat' dir='ltr'><strong>lucem</strong></span> <span class='ocrx_word' id='word_1_211' title='bbox 1019 3744 1188 3833; x_wconf 87' lang='lat' dir='ltr'><strong>prodiisse.</strong></span> 
     </span>
     <span class='ocr_line' id='line_1_30' title="bbox 147 3852 1190 3945; baseline 0 -25"><span class='ocrx_word' id='word_1_212' title='bbox 147 3852 246 3920; x_wconf 88' lang='lat' dir='ltr'><strong>Unde</strong></span> <span class='ocrx_word' id='word_1_213' title='bbox 277 3856 394 3922; x_wconf 86' lang='lat' dir='ltr'><strong>multas</strong></span> <span class='ocrx_word' id='word_1_214' title='bbox 417 3855 639 3945; x_wconf 88' lang='lat' dir='ltr'><strong>quaestiones,</strong></span> <span class='ocrx_word' id='word_1_215' title='bbox 670 3879 753 3945; x_wconf 84' lang='lat' dir='ltr'><strong>quae</strong></span> <span class='ocrx_word' id='word_1_216' title='bbox 784 3879 819 3923; x_wconf 92' lang='lat' dir='ltr'><strong>se</strong></span> <span class='ocrx_word' id='word_1_217' title='bbox 841 3856 955 3923; x_wconf 89' lang='lat' dir='ltr'><strong>volunt</strong></span> <span class='ocrx_word' id='word_1_218' title='bbox 987 3859 1190 3924; x_wconf 85' lang='lat' dir='ltr'><strong>accuratiore</strong></span> 
     </span>
     <span class='ocr_line' id='line_1_31' title="bbox 148 3965 1187 4058; baseline 0.005 -29"><span class='ocrx_word' id='word_1_219' title='bbox 148 3965 202 4030; x_wconf 86' lang='lat' dir='ltr'><strong>illa</strong></span> <span class='ocrx_word' id='word_1_220' title='bbox 229 3967 376 4033; x_wconf 87' lang='lat' dir='ltr'><strong>codicum</strong></span> <span class='ocrx_word' id='word_1_221' title='bbox 405 3970 578 4036; x_wconf 89' lang='lat' dir='ltr'><strong>collatione</strong></span> <span class='ocrx_word' id='word_1_222' title='bbox 594 3970 771 4058; x_wconf 74' lang='lat' dir='ltr'><strong>persolvi,</strong></span> <span class='ocrx_word' id='word_1_223' title='bbox 804 3969 880 4036; x_wconf 93' lang='lat' dir='ltr'><strong>dum</strong></span> <span class='ocrx_word' id='word_1_224' title='bbox 910 3971 950 4037; x_wconf 85' lang='lat' dir='ltr'><strong>ad</strong></span> <span class='ocrx_word' id='word_1_225' title='bbox 973 3971 1053 4038; x_wconf 89' lang='lat' dir='ltr'><strong>haec</strong></span> <span class='ocrx_word' id='word_1_226' title='bbox 1076 3970 1187 4036; x_wconf 86' lang='lat' dir='ltr'><strong>alienis</strong></span> 
     </span>
    </p>
   </div>
   <div class='ocr_carea' id='block_1_3' title="bbox 0 0 1388 4430">
    <p class='ocr_par' dir='ltr' id='par_1_4' title="bbox 0 0 1388 4430">
     <span class='ocr_line' id='line_1_32' title="bbox 0 0 1388 4430; baseline 0 2"><span class='ocrx_word' id='word_1_227' title='bbox 0 0 1388 4430; x_wconf 95' lang='lat' dir='ltr'><strong> </strong></span> 
     </span>
    </p>
   </div>
  </div>
 </body>
</html>
