2768 4430
254 1586 367 1721 Quum
403 1659 463 1726 per
495 1636 555 1704 bos
587 1637 729 1727 quinque
766 1659 869 1718 annos
904 1637 1205 1728 animadverterent

166 1770 264 1842 quam
286 1747 379 1818 multi
397 1749 459 1815 viri
475 1757 597 1841 quanto
621 1747 728 1816 studio
751 1747 785 1816 in
809 1771 847 1816 eo
869 1747 1089 1836 elaborarent,
1113 1753 1150 1820 ut
1170 1749 1205 1820 ln

165 1863 409 1954 quaestionibus
429 1861 496 1928 auis
513 1861 670 1928 Plinianis
683 1872 834 1930 vetustae
849 1845 1000 1930 lectionis
1015 1861 1205 1933 mbmoriatn

165 1997 260 2066 quam
291 1973 435 2040 maxime
463 1983 599 2064 possent
628 1997 740 2040 veram
770 1983 955 2064 repeterent
983 1991 1026 2042 ex
1055 1975 1204 2043 omnibus
1244 2053 1245 2058 ἵ

162 2085 307 2176 undique
322 2085 506 2169 codicibus,
529 2086 671 2152 mirabar
693 2085 842 2177 equidem
864 2085 944 2176 quid
964 2107 1082 2155 caueae
1106 2097 1202 2174 esset,

163 2196 251 2288 quod
273 2196 350 2263 inde
372 2195 414 2263 ab
437 2218 475 2262 eo
498 2206 658 2285 tempore,
683 2220 746 2287 quo
768 2197 888 2288 prodiit
904 2195 1001 2265 editio
1020 2196 1202 2288 Silllgiana,

162 2307 238 2377 huic
260 2308 316 2376 uni
340 2329 459 2398 operae
483 2331 595 2375 omnes
616 2309 736 2376 intenti
758 2319 883 2393 essent,
916 2308 956 2376 de
985 2311 1203 2398 singulariae

61 2419 67 2431 “
161 2421 293 2512 proprio
315 2419 412 2488 Plinii
436 2417 598 2488 scribendi
619 2441 741 2509 genere
764 2423 939 2512 separatim
954 2421 1076 2490 diceret
1094 2438 1201 2492 nemo.

161 2521 228 2600 'vix
258 2533 345 2601 enim
381 2556 479 2601 unam
515 2533 693 2600 alteramve
723 2533 908 2623 hujusmodi
940 2535 1203 2605 observationem

161 2646 268 2714 allatis
296 2646 487 2738 plerumque
517 2643 698 2738 scripturae
724 2643 950 2732 discrepantiia
977 2645 1202 2738 interpositam

161 2767 212 2826 est
234 2757 355 2825 videre.
400 2756 488 2840 Quid
511 2756 615 2846 ergo?
645 2777 723 2824 num
747 2756 782 2824 in
810 2755 976 2842 inchoato,
1004 2758 1125 2826 nedum
1147 2759 1203 2827 ab·
1289 2773 1291 2778 '

128 2943 132 2954 ,
160 2871 265 2940 soluto
295 2869 488 2938 restituendi
519 2878 618 2957 atque
645 2865 880 2957 interpretandi
907 2867 1049 2937 Plinium
1078 2871 1200 2957 labore,

161 2984 247 3072 quod
270 2994 341 3051 erat
363 2993 560 3066 extremum,
583 2983 625 3048 ab
650 2981 743 3048 initio
762 3003 822 3068 ego
844 3005 915 3047 sum
937 2983 1200 3051 constituturus?

160 3093 234 3183 Ego
256 3118 334 3161 vero
356 3095 390 3162 in
412 3093 611 3160 recensendo
633 3091 696 3159 boc
718 3103 850 3160 auctore
878 3094 1019 3161 arbitror
1046 3095 1135 3181 fere,
1163 3103 1202 3164 ut

161 3231 226 3275 nen
262 3231 385 3297 paucae
422 3208 627 3296 conjecturae
665 3205 949 3294 deprehendantur
989 3207 1092 3288 falsae
1129 3231 1201 3276 esse

161 3320 320 3406 multique
351 3321 526 3386 multorum
556 3328 736 3408 appareant
764 3303 905 3402 errores,
935 3320 989 3406 qui
1013 3317 1090 3405 sibi,
1123 3321 1201 3390 dum

161 3434 268 3523 ipsum
290 3432 479 3521 scriptorem
504 3433 686 3519 corrigunt,
715 3431 817 3497 verba
839 3430 988 3498 codicum
1010 3435 1201 3502 emendasse

161 3544 323 3610 videntur.
353 3541 459 3632 Igitur
473 3566 589 3610 censeo
606 3543 828 3634 suscipiendas
844 3553 954 3633 partes
968 3543 1089 3612 laboris
1111 3547 1200 3633 novi,

160 3657 299 3754 intactus
322 3657 394 3724 illas
410 3657 540 3745 quidam
557 3657 662 3724 adhuc
678 3666 736 3724 aut
750 3679 854 3747 paene
869 3659 1027 3743 intactas,
1050 3666 1087 3724 ut
1104 3681 1201 3728 omne

161 3769 325 3859 scriptoris
355 3769 484 3836 dicendi
514 3793 618 3858 genus
648 3780 681 3837 et
702 3769 827 3836 indoles
850 3780 920 3837 tota
942 3770 1124 3838 accuratius
1153 3771 1201 3839 in·

159 3885 371 3973 vestigentur.
415 3881 621 3972 Quamquam
643 3905 709 3950 non
731 3905 805 3950 eum
827 3883 906 3950 mibi
929 3883 1072 3950 animum
1094 3906 1198 3971 sumo,

955 4003 957 4006 .
990 3998 1028 4052 1*
