<?xml version="1.0" encoding="UTF-8"?>
<!DOCTYPE html PUBLIC "-//W3C//DTD XHTML 1.0 Transitional//EN"
    "http://www.w3.org/TR/xhtml1/DTD/xhtml1-transitional.dtd">
<html xmlns="http://www.w3.org/1999/xhtml" xml:lang="en" lang="en">
 <head>
  <title>
</title>
<meta http-equiv="Content-Type" content="text/html;charset=utf-8" />
  <meta name='ocr-system' content='tesseract 3.04.00' />
  <meta name='ocr-capabilities' content='ocr_page ocr_carea ocr_par ocr_line ocrx_word'/>
</head>
<body>
  <div class='ocr_page' id='page_1' title='image "./deusupliniano00grasgoog_0101.png"; bbox 0 0 2732 4428; ppageno 0'>
   <div class='ocr_carea' id='block_1_1' title="bbox 269 159 313 228">
    <p class='ocr_par' dir='ltr' id='par_1_1' title="bbox 269 159 313 228">
     <span class='ocr_line' id='line_1_1' title="bbox 269 159 313 228; baseline 0 0"><span class='ocrx_word' id='word_1_1' title='bbox 269 159 313 228; x_wconf 75' lang='lat' dir='ltr'><strong>ut</strong></span> 
     </span>
    </p>
   </div>
   <div class='ocr_carea' id='block_1_2' title="bbox 280 347 460 406">
    <p class='ocr_par' dir='ltr' id='par_1_2' title="bbox 280 347 460 406">
     <span class='ocr_line' id='line_1_2' title="bbox 280 347 460 406; baseline 0 -35"><span class='ocrx_word' id='word_1_2' title='bbox 280 347 460 406; x_wconf 62' lang='lat' dir='ltr'><strong>«p.r·</strong></span> 
     </span>
    </p>
   </div>
   <div class='ocr_carea' id='block_1_3' title="bbox 268 405 1311 741">
    <p class='ocr_par' dir='ltr' id='par_1_3' title="bbox 268 405 1311 741">
     <span class='ocr_line' id='line_1_3' title="bbox 742 405 983 505; baseline -0.002 -8.533"><span class='ocrx_word' id='word_1_3' title='bbox 742 405 824 505; x_wconf 86' lang='grc' dir='ltr'><strong>ΙΙΙ.</strong></span> <span class='ocrx_word' id='word_1_4' title='bbox 980 490 983 496; x_wconf 13' lang='grc' dir='ltr'><em>Α</em></span> 
     </span>
     <span class='ocr_line' id='line_1_4' title="bbox 268 553 1311 741; baseline -0.002 -19"><span class='ocrx_word' id='word_1_5' title='bbox 268 596 346 726; x_wconf 83' lang='lat' dir='ltr'><strong>uu</strong></span> <span class='ocrx_word' id='word_1_6' title='bbox 387 575 718 724; x_wconf 80' lang='lat' dir='ltr'><strong>rreumsuu</strong></span> <span class='ocrx_word' id='word_1_7' title='bbox 756 553 991 741; x_wconf 80' lang='lat' dir='ltr'><strong>uuuuru</strong></span> <span class='ocrx_word' id='word_1_8' title='bbox 1031 573 1311 726; x_wconf 72' lang='lat' dir='ltr'><strong>rumino.</strong></span> 
     </span>
    </p>
   </div>
   <div class='ocr_carea' id='block_1_4' title="bbox 265 838 1312 3396">
    <p class='ocr_par' dir='ltr' id='par_1_4' title="bbox 265 838 1312 3396">
     <span class='ocr_line' id='line_1_5' title="bbox 355 838 1310 932; baseline -0.002 -26"><span class='ocrx_word' id='word_1_9' title='bbox 355 839 408 906; x_wconf 94' lang='lat' dir='ltr'><strong>De</strong></span> <span class='ocrx_word' id='word_1_10' title='bbox 438 839 600 908; x_wconf 87' lang='lat' dir='ltr'><strong>brevitate</strong></span> <span class='ocrx_word' id='word_1_11' title='bbox 631 841 757 907; x_wconf 87' lang='lat' dir='ltr'><strong>dicendi</strong></span> <span class='ocrx_word' id='word_1_12' title='bbox 786 840 935 911; x_wconf 78' lang='lat' dir='ltr'><strong>Pliniana</strong></span> <span class='ocrx_word' id='word_1_13' title='bbox 968 841 1023 932; x_wconf 87' lang='lat' dir='ltr'><strong>qui</strong></span> <span class='ocrx_word' id='word_1_14' title='bbox 1052 840 1156 908; x_wconf 85' lang='lat' dir='ltr'><strong>nodo</strong></span> <span class='ocrx_word' id='word_1_15' title='bbox 1193 838 1310 928; x_wconf 70' lang='lat' dir='ltr'><strong>legerit</strong></span> 
     </span>
     <span class='ocr_line' id='line_1_6' title="bbox 269 949 1312 1054; baseline -0.005 -37"><span class='ocrx_word' id='word_1_16' title='bbox 269 950 409 1045; x_wconf 82' lang='lat' dir='ltr'><strong>quaein</strong></span> <span class='ocrx_word' id='word_1_17' title='bbox 432 949 652 1040; x_wconf 81' lang='lat' dir='ltr'><strong>superioribus</strong></span> <span class='ocrx_word' id='word_1_18' title='bbox 676 952 813 1020; x_wconf 85' lang='lat' dir='ltr'><strong>disserui</strong></span> <span class='ocrx_word' id='word_1_19' title='bbox 842 952 990 1054; x_wconf 85' lang='lat' dir='ltr'><strong>pluribus</strong></span> <span class='ocrx_word' id='word_1_20' title='bbox 1009 951 1122 1017; x_wconf 84' lang='lat' dir='ltr'><strong>verbis</strong></span> <span class='ocrx_word' id='word_1_21' title='bbox 1152 949 1312 1040; x_wconf 84' lang='lat' dir='ltr'><strong>exemplo</strong></span> 
     </span>
     <span class='ocr_line' id='line_1_7' title="bbox 268 1045 1310 1150; baseline -0.007 -20"><span class='ocrx_word' id='word_1_22' title='bbox 268 1083 405 1150; x_wconf 85' lang='lat' dir='ltr'><strong>rumque</strong></span> <span class='ocrx_word' id='word_1_23' title='bbox 433 1045 597 1134; x_wconf 76' lang='lat' dir='ltr'><strong>illustravi</strong></span> <span class='ocrx_word' id='word_1_24' title='bbox 626 1063 848 1148; x_wconf 88' lang='lat' dir='ltr'><strong>multitudine,</strong></span> <span class='ocrx_word' id='word_1_25' title='bbox 880 1064 1090 1130; x_wconf 74' lang='lat' dir='ltr'><strong>confestim</strong></span> <span class='ocrx_word' id='word_1_26' title='bbox 1082 1087 1110 1130; x_wconf 88' lang='lat' dir='ltr'><strong>rs</strong></span> <span class='ocrx_word' id='word_1_27' title='bbox 1146 1063 1220 1128; x_wconf 86' lang='lat' dir='ltr'><strong>hoo</strong></span> <span class='ocrx_word' id='word_1_28' title='bbox 1252 1061 1310 1130; x_wconf 88' lang='lat' dir='ltr'><strong>loco</strong></span> 
     </span>
     <span class='ocr_line' id='line_1_8' title="bbox 268 1173 1311 1264; baseline -0.004 -24"><span class='ocrx_word' id='word_1_29' title='bbox 268 1195 321 1240; x_wconf 91' lang='lat' dir='ltr'><strong>me</strong></span> <span class='ocrx_word' id='word_1_30' title='bbox 344 1196 402 1239; x_wconf 91' lang='lat' dir='ltr'><strong>suo</strong></span> <span class='ocrx_word' id='word_1_31' title='bbox 420 1175 496 1261; x_wconf 87' lang='lat' dir='ltr'><strong>jure</strong></span> <span class='ocrx_word' id='word_1_32' title='bbox 519 1173 751 1264; x_wconf 74' lang='lat' dir='ltr'><strong>interpellabit,</strong></span> <span class='ocrx_word' id='word_1_33' title='bbox 781 1177 865 1242; x_wconf 90' lang='lat' dir='ltr'><strong>hano</strong></span> <span class='ocrx_word' id='word_1_34' title='bbox 887 1175 1074 1264; x_wconf 80' lang='lat' dir='ltr'><strong>figuram</strong></span> <span class='ocrx_word' id='word_1_35' title='bbox 1048 1197 1119 1242; x_wconf 76' lang='lat' dir='ltr'><strong>aive</strong></span> <span class='ocrx_word' id='word_1_36' title='bbox 1146 1173 1311 1240; x_wconf 76' lang='lat' dir='ltr'><strong>abundari</strong></span> 
     </span>
     <span class='ocr_line' id='line_1_9' title="bbox 268 1285 1309 1378; baseline -0.002 -26"><span class='ocrx_word' id='word_1_37' title='bbox 268 1286 347 1354; x_wconf 83' lang='lat' dir='ltr'><strong>tiam</strong></span> <span class='ocrx_word' id='word_1_38' title='bbox 365 1285 521 1354; x_wconf 83' lang='lat' dir='ltr'><strong>orationis</strong></span> <span class='ocrx_word' id='word_1_39' title='bbox 538 1297 715 1374; x_wconf 77' lang='lat' dir='ltr'><strong>negaturus</strong></span> <span class='ocrx_word' id='word_1_40' title='bbox 730 1287 877 1354; x_wconf 90' lang='lat' dir='ltr'><strong>obtinere</strong></span> <span class='ocrx_word' id='word_1_41' title='bbox 897 1310 993 1378; x_wconf 87' lang='lat' dir='ltr'><strong>posse</strong></span> <span class='ocrx_word' id='word_1_42' title='bbox 1010 1287 1097 1376; x_wconf 82' lang='lat' dir='ltr'><strong>apud</strong></span> <span class='ocrx_word' id='word_1_43' title='bbox 1115 1288 1309 1374; x_wconf 69' lang='lat' dir='ltr'><strong>scriptorem</strong></span> 
     </span>
     <span class='ocr_line' id='line_1_10' title="bbox 267 1395 1308 1470; baseline -0.003 -8"><span class='ocrx_word' id='word_1_44' title='bbox 267 1395 411 1462; x_wconf 85' lang='lat' dir='ltr'><strong>breviter</strong></span> <span class='ocrx_word' id='word_1_45' title='bbox 431 1397 557 1465; x_wconf 85' lang='lat' dir='ltr'><strong>dicendi</strong></span> <span class='ocrx_word' id='word_1_46' title='bbox 575 1399 626 1464; x_wconf 87' lang='lat' dir='ltr'><strong>vel</strong></span> <span class='ocrx_word' id='word_1_47' title='bbox 645 1399 788 1466; x_wconf 86' lang='lat' dir='ltr'><strong>omnium</strong></span> <span class='ocrx_word' id='word_1_48' title='bbox 806 1400 1087 1470; x_wconf 85' lang='lat' dir='ltr'><strong>studiosissimum.</strong></span> <span class='ocrx_word' id='word_1_49' title='bbox 1117 1399 1229 1464; x_wconf 88' lang='lat' dir='ltr'><strong>Licet</strong></span> <span class='ocrx_word' id='word_1_50' title='bbox 1244 1416 1308 1462; x_wconf 86' lang='lat' dir='ltr'><strong>sano</strong></span> 
     </span>
     <span class='ocr_line' id='line_1_11' title="bbox 268 1507 1309 1605; baseline -0.003 -33"><span class='ocrx_word' id='word_1_51' title='bbox 268 1509 333 1574; x_wconf 88' lang='lat' dir='ltr'><strong>tale</strong></span> <span class='ocrx_word' id='word_1_52' title='bbox 356 1507 477 1598; x_wconf 83' lang='lat' dir='ltr'><strong>aliquid</strong></span> <span class='ocrx_word' id='word_1_53' title='bbox 507 1511 722 1594; x_wconf 83' lang='lat' dir='ltr'><strong>contendere;</strong></span> <span class='ocrx_word' id='word_1_54' title='bbox 756 1511 813 1576; x_wconf 89' lang='lat' dir='ltr'><strong>sad</strong></span> <span class='ocrx_word' id='word_1_55' title='bbox 842 1511 1049 1605; x_wconf 86' lang='lat' dir='ltr'><strong>nihilominus</strong></span> <span class='ocrx_word' id='word_1_56' title='bbox 1080 1513 1155 1598; x_wconf 87' lang='lat' dir='ltr'><strong>ejus</strong></span> <span class='ocrx_word' id='word_1_57' title='bbox 1189 1529 1309 1602; x_wconf 89' lang='lat' dir='ltr'><strong>quoque</strong></span> 
     </span>
     <span class='ocr_line' id='line_1_12' title="bbox 266 1607 1306 1710; baseline -0.003 -22"><span class='ocrx_word' id='word_1_58' title='bbox 266 1621 396 1710; x_wconf 71' lang='lat' dir='ltr'><strong>generis</strong></span> <span class='ocrx_word' id='word_1_59' title='bbox 419 1633 550 1688; x_wconf 85' lang='lat' dir='ltr'><strong>exstent</strong></span> <span class='ocrx_word' id='word_1_60' title='bbox 579 1623 735 1690; x_wconf 86' lang='lat' dir='ltr'><strong>nonnulla</strong></span> <span class='ocrx_word' id='word_1_61' title='bbox 763 1607 797 1690; x_wconf 85' lang='lat' dir='ltr'><strong>iu</strong></span> <span class='ocrx_word' id='word_1_62' title='bbox 828 1623 918 1688; x_wconf 88' lang='lat' dir='ltr'><strong>libris</strong></span> <span class='ocrx_word' id='word_1_63' title='bbox 940 1623 1107 1690; x_wconf 87' lang='lat' dir='ltr'><strong>Naturalis</strong></span> <span class='ocrx_word' id='word_1_64' title='bbox 1130 1622 1306 1702; x_wconf 85' lang='lat' dir='ltr'><strong>Historiae,</strong></span> 
     </span>
     <span class='ocr_line' id='line_1_13' title="bbox 269 1719 1307 1830; baseline -0.002 -33"><span class='ocrx_word' id='word_1_65' title='bbox 269 1755 353 1822; x_wconf 87' lang='lat' dir='ltr'><strong>quae</strong></span> <span class='ocrx_word' id='word_1_66' title='bbox 374 1731 415 1798; x_wconf 88' lang='lat' dir='ltr'><strong>ad</strong></span> <span class='ocrx_word' id='word_1_67' title='bbox 438 1719 684 1830; x_wconf 82' lang='lat' dir='ltr'><strong>Pleonasmum,</strong></span> <span class='ocrx_word' id='word_1_68' title='bbox 714 1755 809 1824; x_wconf 88' lang='lat' dir='ltr'><strong>quem</strong></span> <span class='ocrx_word' id='word_1_69' title='bbox 835 1732 1047 1802; x_wconf 83' lang='lat' dir='ltr'><strong>Grammatioi</strong></span> <span class='ocrx_word' id='word_1_70' title='bbox 1071 1736 1210 1819; x_wconf 83' lang='lat' dir='ltr'><strong>dieunt,</strong></span> <span class='ocrx_word' id='word_1_71' title='bbox 1239 1732 1307 1799; x_wconf 85' lang='lat' dir='ltr'><strong>rele-</strong></span> 
     </span>
     <span class='ocr_line' id='line_1_14' title="bbox 268 1844 1305 1936; baseline -0.005 -25"><span class='ocrx_word' id='word_1_72' title='bbox 268 1846 370 1912; x_wconf 88' lang='lat' dir='ltr'><strong>renda</strong></span> <span class='ocrx_word' id='word_1_73' title='bbox 393 1846 571 1918; x_wconf 83' lang='lat' dir='ltr'><strong>videantur.</strong></span> <span class='ocrx_word' id='word_1_74' title='bbox 608 1845 814 1936; x_wconf 78' lang='lat' dir='ltr'><strong>Quamquam</strong></span> <span class='ocrx_word' id='word_1_75' title='bbox 838 1849 870 1914; x_wconf 94' lang='lat' dir='ltr'><strong>in</strong></span> <span class='ocrx_word' id='word_1_76' title='bbox 894 1849 955 1912; x_wconf 87' lang='lat' dir='ltr'><strong>hoa</strong></span> <span class='ocrx_word' id='word_1_77' title='bbox 975 1871 1097 1936; x_wconf 83' lang='lat' dir='ltr'><strong>genere</strong></span> <span class='ocrx_word' id='word_1_78' title='bbox 1117 1873 1202 1914; x_wconf 87' lang='lat' dir='ltr'><strong>oum</strong></span> <span class='ocrx_word' id='word_1_79' title='bbox 1228 1844 1305 1911; x_wconf 83' lang='lat' dir='ltr'><strong>Cloe</strong></span> 
     </span>
     <span class='ocr_line' id='line_1_15' title="bbox 268 1958 1303 2049; baseline -0.004 -25"><span class='ocrx_word' id='word_1_80' title='bbox 268 1981 348 2024; x_wconf 88' lang='lat' dir='ltr'><strong>rone</strong></span> <span class='ocrx_word' id='word_1_81' title='bbox 370 1959 421 2024; x_wconf 89' lang='lat' dir='ltr'><strong>vel</strong></span> <span class='ocrx_word' id='word_1_82' title='bbox 446 1960 543 2028; x_wconf 83' lang='lat' dir='ltr'><strong>etiem</strong></span> <span class='ocrx_word' id='word_1_83' title='bbox 563 1958 659 2027; x_wconf 83' lang='lat' dir='ltr'><strong>Livio</strong></span> <span class='ocrx_word' id='word_1_84' title='bbox 690 1961 837 2049; x_wconf 81' lang='lat' dir='ltr'><strong>conferre</strong></span> <span class='ocrx_word' id='word_1_85' title='bbox 860 1961 1001 2029; x_wconf 82' lang='lat' dir='ltr'>Plinium</span> <span class='ocrx_word' id='word_1_86' title='bbox 1027 1962 1104 2026; x_wconf 85' lang='lat' dir='ltr'><strong>licet</strong></span> <span class='ocrx_word' id='word_1_87' title='bbox 1126 1979 1303 2048; x_wconf 68' lang='lat' dir='ltr'><strong>nusquam,</strong></span> 
     </span>
     <span class='ocr_line' id='line_1_16' title="bbox 270 2054 1302 2172; baseline -0.004 -36"><span class='ocrx_word' id='word_1_88' title='bbox 270 2071 389 2136; x_wconf 88' lang='lat' dir='ltr'><strong>etenim</strong></span> <span class='ocrx_word' id='word_1_89' title='bbox 414 2071 591 2136; x_wconf 83' lang='lat' dir='ltr'><strong>adstrictus</strong></span> <span class='ocrx_word' id='word_1_90' title='bbox 613 2083 665 2138; x_wconf 89' lang='lat' dir='ltr'><strong>est</strong></span> <span class='ocrx_word' id='word_1_91' title='bbox 685 2054 807 2172; x_wconf 61' lang='lat' dir='ltr'><strong>Noster</strong></span> <span class='ocrx_word' id='word_1_92' title='bbox 830 2095 1022 2165; x_wconf 73' lang='lat' dir='ltr'><strong>semperque</strong></span> <span class='ocrx_word' id='word_1_93' title='bbox 1044 2072 1106 2138; x_wconf 87' lang='lat' dir='ltr'><strong>sibi</strong></span> <span class='ocrx_word' id='word_1_94' title='bbox 1129 2073 1242 2138; x_wconf 86' lang='lat' dir='ltr'><strong>instat</strong></span> <span class='ocrx_word' id='word_1_95' title='bbox 1262 2089 1302 2134; x_wconf 84' lang='lat' dir='ltr'><strong>ex·</strong></span> 
     </span>
     <span class='ocr_line' id='line_1_17' title="bbox 265 2183 1299 2275; baseline -0.006 -27"><span class='ocrx_word' id='word_1_96' title='bbox 265 2183 418 2275; x_wconf 89' lang='lat' dir='ltr'><strong>ponendo</strong></span> <span class='ocrx_word' id='word_1_97' title='bbox 442 2183 602 2270; x_wconf 87' lang='lat' dir='ltr'><strong>breviter;</strong></span> <span class='ocrx_word' id='word_1_98' title='bbox 625 2185 687 2250; x_wconf 91' lang='lat' dir='ltr'><strong>nisi</strong></span> <span class='ocrx_word' id='word_1_99' title='bbox 703 2185 789 2271; x_wconf 85' lang='lat' dir='ltr'><strong>quod</strong></span> <span class='ocrx_word' id='word_1_100' title='bbox 807 2184 997 2270; x_wconf 83' lang='lat' dir='ltr'><strong>excipienda</strong></span> <span class='ocrx_word' id='word_1_101' title='bbox 1012 2196 1088 2250; x_wconf 87' lang='lat' dir='ltr'><strong>sunt</strong></span> <span class='ocrx_word' id='word_1_102' title='bbox 1104 2185 1299 2274; x_wconf 85' lang='lat' dir='ltr'><strong>singulorum</strong></span> 
     </span>
     <span class='ocr_line' id='line_1_18' title="bbox 268 2293 1299 2400; baseline -0.009 -36"><span class='ocrx_word' id='word_1_103' title='bbox 268 2295 337 2364; x_wconf 85' lang='lat' dir='ltr'><strong>fere</strong></span> <span class='ocrx_word' id='word_1_104' title='bbox 359 2296 514 2364; x_wconf 88' lang='lat' dir='ltr'><strong>librorum</strong></span> <span class='ocrx_word' id='word_1_105' title='bbox 538 2301 711 2390; x_wconf 82' lang='lat' dir='ltr'><strong>prooemia</strong></span> <span class='ocrx_word' id='word_1_106' title='bbox 753 2296 847 2364; x_wconf 88' lang='lat' dir='ltr'><strong>Haeo</strong></span> <span class='ocrx_word' id='word_1_107' title='bbox 875 2299 959 2400; x_wconf 82' lang='lat' dir='ltr'><strong>enim</strong></span> <span class='ocrx_word' id='word_1_108' title='bbox 985 2298 1202 2388; x_wconf 86' lang='lat' dir='ltr'><strong>plerumque,</strong></span> <span class='ocrx_word' id='word_1_109' title='bbox 1238 2293 1299 2359; x_wconf 88' lang='lat' dir='ltr'><strong>dnm</strong></span> 
     </span>
     <span class='ocr_line' id='line_1_19' title="bbox 267 2389 1294 2502; baseline -0.001 -28"><span class='ocrx_word' id='word_1_110' title='bbox 267 2408 392 2496; x_wconf 83' lang='lat' dir='ltr'><strong>grande</strong></span> <span class='ocrx_word' id='word_1_111' title='bbox 414 2411 523 2476; x_wconf 83' lang='lat' dir='ltr'><strong>neseio</strong></span> <span class='ocrx_word' id='word_1_112' title='bbox 548 2409 625 2502; x_wconf 87' lang='lat' dir='ltr'><strong>quid</strong></span> <span class='ocrx_word' id='word_1_113' title='bbox 639 2409 801 2476; x_wconf 83' lang='lat' dir='ltr'><strong>videatur</strong></span> <span class='ocrx_word' id='word_1_114' title='bbox 823 2409 905 2474; x_wconf 83' lang='lat' dir='ltr'><strong>velle</strong></span> <span class='ocrx_word' id='word_1_115' title='bbox 928 2389 1054 2493; x_wconf 82' lang='lat' dir='ltr'><strong>sonare,</strong></span> <span class='ocrx_word' id='word_1_116' title='bbox 1078 2409 1239 2474; x_wconf 85' lang='lat' dir='ltr'><strong>effusiore</strong></span> <span class='ocrx_word' id='word_1_117' title='bbox 1261 2403 1294 2467; x_wconf 73' lang='lat' dir='ltr'><strong>dt·</strong></span> 
     </span>
     <span class='ocr_line' id='line_1_20' title="bbox 267 2501 1297 2612; baseline -0.004 -26"><span class='ocrx_word' id='word_1_118' title='bbox 267 2531 402 2589; x_wconf 79' lang='lat' dir='ltr'><strong>ourruut</strong></span> <span class='ocrx_word' id='word_1_119' title='bbox 424 2522 579 2590; x_wconf 87' lang='lat' dir='ltr'><strong>orationis</strong></span> <span class='ocrx_word' id='word_1_120' title='bbox 601 2521 734 2590; x_wconf 86' lang='lat' dir='ltr'><strong>flumine</strong></span> <span class='ocrx_word' id='word_1_121' title='bbox 757 2501 969 2612; x_wconf 80' lang='lat' dir='ltr'><strong>verbosieque</strong></span> <span class='ocrx_word' id='word_1_122' title='bbox 998 2521 1195 2591; x_wconf 78' lang='lat' dir='ltr'><strong>excursibus</strong></span> <span class='ocrx_word' id='word_1_123' title='bbox 1220 2512 1297 2608; x_wconf 77' lang='lat' dir='ltr'><strong>quasi</strong></span> 
     </span>
     <span class='ocr_line' id='line_1_21' title="bbox 266 2626 1296 2724; baseline -0.006 -23"><span class='ocrx_word' id='word_1_124' title='bbox 266 2632 443 2716; x_wconf 82' lang='lat' dir='ltr'><strong>luxurient,</strong></span> <span class='ocrx_word' id='word_1_125' title='bbox 467 2633 585 2724; x_wconf 89' lang='lat' dir='ltr'><strong>quibus</strong></span> <span class='ocrx_word' id='word_1_126' title='bbox 608 2649 719 2701; x_wconf 83' lang='lat' dir='ltr'><strong>auctor</strong></span> <span class='ocrx_word' id='word_1_127' title='bbox 741 2634 919 2700; x_wconf 87' lang='lat' dir='ltr'><strong>inse&#39;otatur</strong></span> <span class='ocrx_word' id='word_1_128' title='bbox 936 2633 1160 2701; x_wconf 82' lang='lat' dir='ltr'><strong>vehementius</strong></span> <span class='ocrx_word' id='word_1_129' title='bbox 1175 2626 1296 2722; x_wconf 80' lang='lat' dir='ltr'><strong>generlt</strong></span> 
     </span>
     <span class='ocr_line' id='line_1_22' title="bbox 266 2736 1296 2835; baseline -0.009 -25"><span class='ocrx_word' id='word_1_130' title='bbox 266 2744 400 2816; x_wconf 88' lang='lat' dir='ltr'><strong>humani</strong></span> <span class='ocrx_word' id='word_1_131' title='bbox 422 2746 702 2835; x_wconf 82' lang='lat' dir='ltr'><strong>suaequeaetatis</strong></span> <span class='ocrx_word' id='word_1_132' title='bbox 724 2745 813 2816; x_wconf 83' lang='lat' dir='ltr'><strong>vitia.</strong></span> <span class='ocrx_word' id='word_1_133' title='bbox 857 2745 920 2826; x_wconf 77' lang='lat' dir='ltr'><strong>His</strong></span> <span class='ocrx_word' id='word_1_134' title='bbox 942 2746 1042 2834; x_wconf 82' lang='lat' dir='ltr'><strong>igitur</strong></span> <span class='ocrx_word' id='word_1_135' title='bbox 1061 2747 1215 2834; x_wconf 84' lang='lat' dir='ltr'><strong>exeeptis</strong></span> <span class='ocrx_word' id='word_1_136' title='bbox 1236 2736 1296 2808; x_wconf 91' lang='lat' dir='ltr'><strong>reli·</strong></span> 
     </span>
     <span class='ocr_line' id='line_1_23' title="bbox 267 2849 1295 2948; baseline -0.005 -25"><span class='ocrx_word' id='word_1_137' title='bbox 267 2879 332 2946; x_wconf 86' lang='lat' dir='ltr'><strong>qua</strong></span> <span class='ocrx_word' id='word_1_138' title='bbox 353 2879 482 2948; x_wconf 85' lang='lat' dir='ltr'><strong>semper</strong></span> <span class='ocrx_word' id='word_1_139' title='bbox 503 2857 672 2942; x_wconf 86' lang='lat' dir='ltr'><strong>breviora;</strong></span> <span class='ocrx_word' id='word_1_140' title='bbox 694 2868 818 2926; x_wconf 86' lang='lat' dir='ltr'><strong>restent</strong></span> <span class='ocrx_word' id='word_1_141' title='bbox 839 2869 947 2924; x_wconf 87' lang='lat' dir='ltr'><strong>tamen</strong></span> <span class='ocrx_word' id='word_1_142' title='bbox 967 2859 1122 2925; x_wconf 89' lang='lat' dir='ltr'><strong>nonnulla</strong></span> <span class='ocrx_word' id='word_1_143' title='bbox 1145 2849 1295 2924; x_wconf 70' lang='lat' dir='ltr'><strong>sermonis</strong></span> 
     </span>
     <span class='ocr_line' id='line_1_24' title="bbox 268 2967 1294 3063; baseline -0.005 -29"><span class='ocrx_word' id='word_1_144' title='bbox 268 2969 362 3063; x_wconf 83' lang='lat' dir='ltr'><strong>quasi</strong></span> <span class='ocrx_word' id='word_1_145' title='bbox 395 2969 564 3058; x_wconf 81' lang='lat' dir='ltr'><strong>plenioris,</strong></span> <span class='ocrx_word' id='word_1_146' title='bbox 599 2993 681 3060; x_wconf 82' lang='lat' dir='ltr'><strong>quae</strong></span> <span class='ocrx_word' id='word_1_147' title='bbox 715 2970 811 3036; x_wconf 89' lang='lat' dir='ltr'><strong>etiam</strong></span> <span class='ocrx_word' id='word_1_148' title='bbox 845 2969 931 3060; x_wconf 85' lang='lat' dir='ltr'><strong>apud</strong></span> <span class='ocrx_word' id='word_1_149' title='bbox 954 2969 1095 3037; x_wconf 89' lang='lat' dir='ltr'><strong>Plinium</strong></span> <span class='ocrx_word' id='word_1_150' title='bbox 1121 2967 1294 3036; x_wconf 79' lang='lat' dir='ltr'><strong>redundare</strong></span> 
     </span>
     <span class='ocr_line' id='line_1_25' title="bbox 266 3079 1294 3172; baseline 0 -26"><span class='ocrx_word' id='word_1_151' title='bbox 266 3081 437 3148; x_wconf 83' lang='lat' dir='ltr'><strong>videantur</strong></span> <span class='ocrx_word' id='word_1_152' title='bbox 460 3083 512 3148; x_wconf 80' lang='lat' dir='ltr'><strong>uel</strong></span> <span class='ocrx_word' id='word_1_153' title='bbox 528 3084 624 3172; x_wconf 91' lang='lat' dir='ltr'><strong>paulo</strong></span> <span class='ocrx_word' id='word_1_154' title='bbox 644 3083 775 3150; x_wconf 87' lang='lat' dir='ltr'><strong>uberius</strong></span> <span class='ocrx_word' id='word_1_155' title='bbox 795 3083 880 3150; x_wconf 87' lang='lat' dir='ltr'><strong>diota</strong></span> <span class='ocrx_word' id='word_1_156' title='bbox 899 3104 979 3166; x_wconf 83' lang='lat' dir='ltr'><strong>esee,</strong></span> <span class='ocrx_word' id='word_1_157' title='bbox 1003 3082 1048 3151; x_wconf 78' lang='lat' dir='ltr'><strong>itu</strong></span> <span class='ocrx_word' id='word_1_158' title='bbox 1070 3092 1107 3151; x_wconf 82' lang='lat' dir='ltr'><strong>ut</strong></span> <span class='ocrx_word' id='word_1_159' title='bbox 1128 3081 1211 3148; x_wconf 86' lang='lat' dir='ltr'><strong>haee</strong></span> <span class='ocrx_word' id='word_1_160' title='bbox 1233 3079 1294 3166; x_wconf 84' lang='lat' dir='ltr'><strong>ipsa</strong></span> 
     </span>
     <span class='ocr_line' id='line_1_26' title="bbox 266 3192 1292 3284; baseline -0.003 -25"><span class='ocrx_word' id='word_1_161' title='bbox 266 3192 459 3280; x_wconf 85' lang='lat' dir='ltr'><strong>scriptorum</strong></span> <span class='ocrx_word' id='word_1_162' title='bbox 494 3194 638 3282; x_wconf 88' lang='lat' dir='ltr'><strong>ejusdem</strong></span> <span class='ocrx_word' id='word_1_163' title='bbox 671 3195 787 3261; x_wconf 85' lang='lat' dir='ltr'><strong>aetatis</strong></span> <span class='ocrx_word' id='word_1_164' title='bbox 818 3195 950 3284; x_wconf 90' lang='lat' dir='ltr'><strong>propria</strong></span> <span class='ocrx_word' id='word_1_165' title='bbox 983 3193 1138 3260; x_wconf 85' lang='lat' dir='ltr'><strong>dieamus.</strong></span> <span class='ocrx_word' id='word_1_166' title='bbox 1192 3193 1292 3278; x_wconf 84' lang='lat' dir='ltr'><strong>Atque</strong></span> 
     </span>
     <span class='ocr_line' id='line_1_27' title="bbox 266 3306 1061 3396; baseline -0.005 -22"><span class='ocrx_word' id='word_1_167' title='bbox 266 3306 363 3396; x_wconf 84' lang='lat' dir='ltr'><strong>hujus</strong></span> <span class='ocrx_word' id='word_1_168' title='bbox 385 3306 515 3394; x_wconf 80' lang='lat' dir='ltr'><strong>generis</strong></span> <span class='ocrx_word' id='word_1_169' title='bbox 539 3307 618 3372; x_wconf 90' lang='lat' dir='ltr'><strong>haee</strong></span> <span class='ocrx_word' id='word_1_170' title='bbox 641 3331 660 3372; x_wconf 98' lang='lat' dir='ltr'><strong>a</strong></span> <span class='ocrx_word' id='word_1_171' title='bbox 682 3329 734 3373; x_wconf 91' lang='lat' dir='ltr'><strong>me</strong></span> <span class='ocrx_word' id='word_1_172' title='bbox 756 3307 883 3386; x_wconf 75' lang='lat' dir='ltr'><strong>delecta</strong></span> <span class='ocrx_word' id='word_1_173' title='bbox 903 3327 1061 3396; x_wconf 84' lang='lat' dir='ltr'><strong>propono.</strong></span> 
     </span>
    </p>
   </div>
   <div class='ocr_carea' id='block_1_5' title="bbox 561 3491 1004 3628">
    <p class='ocr_par' dir='ltr' id='par_1_5' title="bbox 561 3491 1004 3628">
     <span class='ocr_line' id='line_1_28' title="bbox 561 3491 1004 3628; baseline 0.007 -30"><span class='ocrx_word' id='word_1_174' title='bbox 561 3535 601 3598; x_wconf 87' lang='lat' dir='ltr'><strong>A.</strong></span> <span class='ocrx_word' id='word_1_175' title='bbox 642 3532 710 3628; x_wconf 11' lang='lat' dir='ltr'><strong>*nu</strong></span> <span class='ocrx_word' id='word_1_176' title='bbox 732 3491 1004 3600; x_wconf 74' lang='lat' dir='ltr'><strong>mensuruus</strong></span> 
     </span>
    </p>
   </div>
   <div class='ocr_carea' id='block_1_6' title="bbox 253 3641 1288 3896">
    <p class='ocr_par' dir='ltr' id='par_1_6' title="bbox 253 3641 1288 3896">
     <span class='ocr_line' id='line_1_29' title="bbox 350 3641 1288 3777; baseline -0.042 0"><span class='ocrx_word' id='word_1_177' title='bbox 350 3687 420 3774; x_wconf 70' lang='lat' dir='ltr'><strong>XI»</strong></span> <span class='ocrx_word' id='word_1_178' title='bbox 448 3687 510 3772; x_wconf 76' lang='lat'><strong>37,</strong></span> <span class='ocrx_word' id='word_1_179' title='bbox 541 3689 618 3756; x_wconf 81' lang='lat'>1432</span> <span class='ocrx_word' id='word_1_180' title='bbox 660 3641 779 3762; x_wconf 65' lang='grc' dir='ltr'><strong>ΡΜ</strong></span> <span class='ocrx_word' id='word_1_181' title='bbox 816 3689 936 3756; x_wconf 72' lang='lat' dir='ltr'><strong>ttteao</strong></span> <span class='ocrx_word' id='word_1_182' title='bbox 972 3686 1116 3777; x_wconf 79' lang='lat' dir='ltr'><strong>Caesari,</strong></span> <span class='ocrx_word' id='word_1_183' title='bbox 1153 3664 1210 3756; x_wconf 61' lang='lat' dir='ltr'><strong>aec</strong></span> <span class='ocrx_word' id='word_1_184' title='bbox 1242 3677 1288 3748; x_wconf 78' lang='lat' dir='ltr'><strong>atii</strong></span> 
     </span>
     <span class='ocr_line' id='line_1_30' title="bbox 253 3800 1285 3896; baseline -0.011 -25"><span class='ocrx_word' id='word_1_185' title='bbox 253 3805 488 3896; x_wconf 23' lang='lat' dir='ltr'><strong>&#39;penitorum</strong></span> <span class='ocrx_word' id='word_1_186' title='bbox 515 3804 756 3888; x_wconf 81' lang='lat' dir='ltr'><strong>mortalium,</strong></span> <span class='ocrx_word' id='word_1_187' title='bbox 775 3805 877 3888; x_wconf 73' lang='lat' dir='ltr'><strong>fuisse</strong></span> <span class='ocrx_word' id='word_1_188' title='bbox 901 3808 1051 3869; x_wconf 62' lang='lat' dir='ltr'><strong>normam,</strong></span> <span class='ocrx_word' id='word_1_189' title='bbox 1074 3823 1120 3890; x_wconf 90' lang='lat' dir='ltr'><strong>sq.</strong></span> <span class='ocrx_word' id='word_1_190' title='bbox 1165 3800 1285 3891; x_wconf 79' lang='lat' dir='ltr'><strong>Diotum</strong></span> 
     </span>
    </p>
   </div>
   <div class='ocr_carea' id='block_1_7' title="bbox 0 0 1370 4428">
    <p class='ocr_par' dir='ltr' id='par_1_7' title="bbox 0 0 1370 4428">
     <span class='ocr_line' id='line_1_31' title="bbox 0 0 1370 4428; baseline 0 2"><span class='ocrx_word' id='word_1_191' title='bbox 0 0 1370 4428; x_wconf 95' lang='lat' dir='ltr'><strong> </strong></span> 
     </span>
    </p>
   </div>
  </div>
 </body>
</html>
