2732 4428
227 271 290 362 ltt

225 465 324 554 sagn
346 463 416 534 un.
438 467 462 534 1.
483 469 504 538 ι.
526 492 557 556 p.
582 465 624 534 rs
647 467 689 533 aa
710 467 816 532 nsum
840 462 937 532 error
959 443 1014 532 irs.
1038 463 1082 548 u,
1106 465 1158 550 ss,
1186 467 1283 532 156:

226 575 287 664 ‚'‚In
310 602 346 644 so
369 579 547 667 gesuch‘ten
569 578 636 645 und
659 577 846 666 spielenden
860 577 1090 666 G‘eg'enstttzen
1107 578 1203 642 hatte
1220 577 1282 642 die

225 689 408 758 bitteratur
420 693 488 758 sich
499 691 602 758 'durch
613 683 919 777 Seneca'sBeispiel
935 689 1091 784 liewegen
1106 688 1279 774 gelernt“.

227 797 378 894 Ceterum
408 792 537 869 tametsi
569 802 711 868 omnium
743 790 1033 867 matrim'e'Seneca
1061 799 1187 888 argutis
1213 801 1280 865 mi·

224 895 468 1002 nlrtissimisque
492 914 660 980 sententiis
683 893 789 979 ¹neuun
811 912 956 1002 pondera
971 909 1072 1000 fregit
1093 911 1278 979 vehemen-

225 1008 355 1115 tiusque
378 1029 559 1094 orationem
591 1027 766 1093 illustravit
788 1024 971 1113 hujusmodi
986 1023 1170 1090 ‘luminibus
1196 1047 1277 1091 ver-

224 1137 340 1204 borum
378 1140 531 1230 cultuque
561 1140 741 1228 exquisito,
775 1149 885 1204 temen
920 1139 1018 1204 etiant
1051 1139 1154 1204 multo
1190 1148 1275 1204 ante

225 1257 366 1316 seratam
389 1247 551 1335 Senecae,
588 1252 775 1340 priusquam
806 1251 901 1337 hujus
931 1251 1074 1316 auctoris
1096 1249 1272 1316 concisum

226 1369 259 1426 et
280 1371 431 1450 argutum
452 1363 578 1429 dicendi
596 1387 701 1452 genus
721 1363 821 1430 latius
844 1363 978 1450 serpsit,
1000 1382 1067 1428 non
1092 1361 1273 1450 fugiebant

226 1472 399 1561 scriptores
421 1475 548 1558 similia,
571 1498 655 1563 quw
672 1475 825 1540 litteratis
838 1475 995 1542 Italorum
1012 1475 1171 1540 vocabulo
1191 1495 1272 1542 corr-

225 1590 296 1653 ecttr'
317 1587 528 1676 appellantur.
573 1587 707 1653 Initium
737 1587 866 1675 quidem
889 1587 937 1672 rei
965 1586 1165 1674 inuestigare
1187 1589 1272 1654 licet

224 1695 300 1764 iude
330 1721 350 1764 a
377 1697 564 1765 comoediae
593 1699 781 1766 laetioribus
810 1699 1020 1764 incrementis
1051 1707 1084 1762 et
1110 1698 1143 1763 in
1168 1697 1271 1765 Plau·
1358 1777 1359 1782 γ

224 1810 302 1875 tinis
320 1811 461 1876 maximo
476 1811 595 1876 fabulis
609 1813 644 1896 ¹).
675 1811 836 1899 Equidem
852 1811 1000 1875 hoolooo'
1014 1811 1112 1878 etiam
1129 1811 1269 1878 alterius
1358 1807 1359 1810 ¹

224 1922 363 2009 generis,
386 1932 521 2009 argutae
538 1923 776 2009 conjunctionis
792 1922 974 2005 verborum,
999 1923 1148 2010 exempla
1164 1946 1266 2011 quae-

225 2031 289 2098 sita
317 2055 395 2097 cura
424 2057 507 2122 quae
535 2033 706 2099 videantur
736 2033 896 2118 adhibita,
927 2033 1144 2124 comparando
1172 2034 1264 2100 illius

225 2145 341 2210 aetatis
364 2146 514 2230 sermoni,
538 2147 628 2211 utin
651 2147 766 2211 ceteris
789 2147 863 2230 feci,
888 2167 929 2212 ex
951 2147 1058 2212 Plinio
1083 2149 1206 2235 majore
1231 2158 1265 2214 et

224 2255 357 2340 minore,
380 2267 550 2346 praeterea
570 2281 587 2323 e
602 2259 730 2347 scriptis
742 2257 886 2330 Senecae
901 2259 1100 2348 deprehensa
1115 2261 1261 2327 afferam.

207 2367 300 2446 Nat.
323 2369 408 2436 Hist.
431 2373 501 2454 IX,
524 2371 583 2455 34,
608 2359 791 2438 1052'1tssi
817 2376 871 2458 qui
897 2377 1092 2438 vescimur
1113 2375 1262 2458 periculis

226 2485 319 2546 otium
338 2487 577 2562 vestiamur„
603 2481 686 2552 Ibid.
713 2485 767 2567 17,
786 2484 846 2550 67:
872 2483 1025 2569 coquos
1045 2487 1107 2550 crui
1128 2485 1262 2567 drudes

220 2595 324 2679 pluris
352 2615 445 2679 quom
475 2615 596 2680 equos
623 2597 820 2682 quiritatum.
863 2597 917 2678 X,
947 2595 1005 2677 50,
1038 2595 1115 2660 141:
1149 2597 1204 2660 Ec
1225 2617 1261 2662 eo

227 2708 381 2790 coepimus
403 2727 565 2772 carcere
588 2708 737 2772 animatio
759 2718 946 2774 coercere
969 2730 1014 2796 sq.
1047 2707 1124 2774 Jam
1149 2729 1189 2774 ex
1212 2708 1260 2772 hir

225 2803 437 2901 intelligimus
468 2817 624 2904 exemplis
654 2816 800 2882 obtinere
829 2817 916 2882 hunc
945 2842 1037 2884 usum
1069 2841 1125 2884 seu
1155 2819 1260 2886 lusum

225 2927 410 3011 verborum,
435 2951 509 2994 curn
526 2938 647 3013 auctor,
672 2927 756 2994 sicut
770 2929 803 2994 in
820 2927 957 2998 exordiis
978 2929 1046 2995 fere
1062 2931 1261 3020 singulorum

225 3037 393 3122 librorum,
416 3039 449 3104 in
472 3017 596 3128 reliqua
620 3039 851 3106 sententiarum
868 3039 1042 3105 crebritate
1057 3063 1095 3105 ec
1108 3039 1260 3105 vitiorum
1355 3083 1356 3086 =

225 3151 429 3216 incusatione
450 3151 544 3239 quasi
567 3151 707 3218 molliter
730 3163 762 3219 et
783 3161 914 3242 praeter
936 3151 1067 3216 modum
1091 3151 1260 3219 vehemen-

226 3263 365 3330 tioribus
387 3263 534 3352 indulget
557 3264 655 3330 animi
679 3265 831 3334 motibus.
866 3265 989 3331 Contra
1012 3287 1089 3330 casn
1111 3262 1259 3329 videntur

226 3374 395 3458 excidisse,
418 3397 501 3462 quae
523 3374 619 3462 hujus
642 3375 771 3462 generis
795 3383 886 3439 sunt:
908 3373 1040 3457 XVIII,
1064 3375 1095 3458 3,
1111 3373 1168 3439 15:
1195 3375 1259 3458 Quo

226 3487 264 3553 de
287 3507 382 3554 causo
403 3494 536 3556 statua
559 3489 587 3552 ei
608 3510 629 3553 u
650 3489 767 3576 populo
790 3491 867 3574 stilae
891 3487 1003 3552 colluto
1032 3493 1188 3552 statuto
1210 3492 1258 3550 est.

295 3761 320 3824 ¹)
340 3759 378 3812 Cf.
398 3757 515 3812 Caesaris
534 3759 694 3826 aliorumque
711 3760 819 3812 facetias
836 3761 906 3826 apud
916 3761 971 3812 Cio.
983 3762 1024 3812 De
1036 3759 1107 3812 Orat.
1124 3761 1159 3825 11,
1181 3762 1213 3810 50
1223 3777 1259 3828 sq.

225 3859 253 3906 et
269 3853 452 3922 Morgenblatt,
471 3855 526 3906 Mei
547 3855 620 3916 1858,
638 3851 685 3905 No.
705 3857 752 3905 21:
770 3845 1041 3921 AltrdmlsoherWiti,
1060 3855 1199 3907 besonders
1217 3855 1258 3907 des

225 3947 317 4002 Gloero
336 3947 389 4000 und
407 3951 555 4015 Augustus,
573 3963 620 3998 aus
640 3949 693 4000 (lic.
712 3947 820 4012 Quintil.
840 3955 886 4000 eto
905 3949 1047 4016 geschdplt
