2768 4430
1090 293 1133 360 41

82 461 147 531 vol
169 462 346 551 peculiaria
368 462 540 531 videantur
563 485 601 528 se
623 461 722 530 Plinii
747 465 880 552 propris
902 485 961 532 suo
985 437 1134 557 quosque¹
1190 481 1204 568 J

79 573 165 642 loon
189 573 365 644 videamus.
711 587 730 618 '¹

234 808 274 882 α)
302 801 464 866 Ablatr'ous
485 802 810 888 anonomastos
831 771 996 872 motato.

180 951 293 1020 Hebes
309 974 423 1042 genus,
441 954 528 1042 quod
544 977 643 1021 unum
661 955 802 1022 omnium
813 955 980 1024 liberrime
994 965 1134 1040 vagatur

83 1087 153 1157 pos·
176 1087 288 1132 omnes
310 1063 422 1151 libros,
444 1077 592 1133 notatum
616 1091 720 1156 nuper
742 1069 783 1134 ab
796 1067 962 1135 Urliohsio
985 1071 1017 1132 in
1034 1067 1134 1134 Chre·
1247 1082 1253 1096 “

86 1179 268 1247 stomathia
297 1179 380 1246 Plin.
409 1203 461 1270 pp.
485 1181 516 1249 3.
549 1181 598 1246 12.
628 1182 659 1252 7.
691 1183 761 1250 150.
792 1181 865 1250 267.
888 1181 963 1247 287.
994 1181 1133 1270 saepius.

86 1291 202 1378 Igitur
229 1299 331 1357 totum
363 1313 466 1378 genus
497 1293 638 1381 quinque
661 1295 813 1359 maxime
843 1273 991 1384 portibus
1024 1296 1134 1382 potest

89 1403 231 1486 dixerni,
719 1405 722 1414 '
754 1385 757 1392 ¹

182 1535 211 1596 1.
235 1531 376 1620 primum
406 1541 442 1597 ut
470 1531 627 1619 ejusmodi
657 1533 821 1598 ablativus
851 1532 1017 1598 enuntiato
1045 1539 1133 1617 pust-

87 1651 228 1729 ponatur
249 1643 301 1706 vel
322 1647 525 1738 interseratur
545 1643 617 1709 loeo
639 1643 821 1710 sententiae
842 1643 1057 1708 enuntiationi
1080 1641 1155 1722 ad„

89 1756 200 1842 jectae
221 1755 273 1819 vel
297 1777 369 1820 cnm
394 1755 584 1826 condicione
606 1755 658 1821 vel
681 1757 752 1821 looo
775 1755 901 1822 relativi
924 1755 967 1821 sd
989 1754 1132 1842 aliquam

90 1886 160 1930 rem
184 1866 390 1931 indicandam
414 1867 484 1932 sive
506 1868 661 1932 momenti
684 1867 817 1932 levioris
838 1866 909 1932 sive
928 1864 1156 1964 significandi⁸

91 1979 249 2062 temporis
264 2001 438 2096 oausnseu
457 1974 622 2044 addendae
635 2001 751 2045 causae
766 1971 946 2066 rationique
961 1975 1133 2064 interjecta

92 2091 263 2170 sententia,
279 2090 425 2176 longiore
436 2091 626 2180 plerumque
640 2092 812 2180 complexu
824 2089 1011 2173 verborum,
1034 2111 1131 2176 quam

93 2201 222 2290 qualem
246 2199 393 2264 videmus
416 2183 448 2266 in
471 2203 589 2289 prioris
611 2203 721 2268 Latini
749 2203 909 2268 sermonis
932 2203 1131 2289 integritate.

179 2333 211 2397 2.
241 2330 369 2398 Deinde
392 2342 429 2396 ut
449 2333 512 2398 hoo
534 2333 604 2421 ipso
635 2333 777 2426 ablatiyo
807 2353 891 2421 quae
913 2340 1134 2398 antecesserat

92 2445 255 2511 sententia
288 2445 397 2510 statim
427 2448 578 2529 refutetur
611 2445 662 2510 vel
692 2446 769 2510 novi
798 2443 920 2532 aliquid
943 2443 1133 2530 subjiciatur

48 2643 52 2652 1
91 2555 146 2625 vel
168 2559 385 2626 haesitationes
406 2559 669 2646 summotaque
686 2567 902 2637 moveantur,
925 2555 1062 2623 divorsis
1084 2555 1132 2620 sio

92 2691 189 2758 saepe
212 2669 420 2753 continuatis,
443 2669 651 2758 quibuscum
664 2670 832 2738 enuntiato
855 2670 926 2758 ipso
937 2669 1021 2754 ninil
1031 2669 1133 2757 plane

93 2780 137 2849 sit
159 2803 339 2850 commune.
385 2779 481 2862 Quod
503 2805 608 2869 genus
633 2792 665 2850 et
686 2784 802 2871 ipsum,
826 2790 862 2849 ut
884 2782 931 2848 sit
945 2780 1132 2868 Madvigius

95 2891 290 2982 (Grammat.
315 2897 335 2975 ξ
358 2894 439 2978 428,
463 2897 558 2963 snm.
583 2897 633 2982 2),
657 2895 893 2982 antiquioribus
915 2894 1048 2962 minime
1069 2893 1134 2969 usi·

95 3014 216 3090 tatum,
253 3004 363 3071 addita
400 3005 589 3094 plerumque
618 3005 727 3094 aliqua
755 3003 931 3091 particulo,
968 3013 1005 3068 ut
1032 3004 1132 3088 quusi,

95 3120 216 3206 qnippe,
239 3126 395 3203 tamqnam
417 3117 470 3187 vel
485 3117 583 3187 simili
606 3117 693 3204 apud
703 3115 848 3196 Plinium
868 3109 1132 3204 deprehenditur.

179 3248 210 3316 3.
248 3247 335 3314 Tum
368 3258 405 3313 ut
438 3245 643 3332 enuntietum
676 3254 781 3312 totum
802 3243 983 3310 ··nblstisus
1016 3241 1133 3331 aliquis

95 3355 263 3422 absolutus
293 3356 342 3422 ita
374 3356 565 3439 oonoludst,
591 3366 638 3424 'ut
655 3353 845 3438 .·isrvidiore
874 3352 970 3422 modo
1005 3353 1134 3422 dicendi

97 3468 363 3555 vehementiaque
391 3469 486 3555 qussi
518 3466 839 3536 transmeatorio
868 3467 1016 3534 animum
1036 3467 1134 3533 inter,

97 3579 194 3669 pellet
214 3559 344 3667 adjee'ta
362 3584 541 3666 quaestione
564 3589 666 3648 totam
682 3578 880 3646 sententium
903 3587 1077 3646 voosturus
1100 3575 1134 3644 in

97 3691 228 3761 dubium
244 3696 268 3776 ¹)
292 3691 343 3756 vel
360 3693 590 3761 ,urdenatione
612 3691 721 3781 eliqua
744 3690 933 3778 magnifiee,
963 3711 1004 3756 ne
1027 3688 1134 3758 diosus
1228 3743 1230 3754 .

616 3863 800 3880 nunu——nn-dssu-u

164 3953 526 4022 uctmtostossu..
570 3969 574 3995 ¹
788 4004 792 4012 .
855 4003 857 4010 .
