2732 4428
247 253 290 330 8&

251 399 485 524 Denique
507 427 671 501 nonlicet
694 426 841 502 uniltteie
860 415 956 500 usum
957 413 1186 521 singularem
1212 431 1293 522 apud

248 555 422 654 argenteae
445 547 582 612 aetatis
578 547 761 634 (quoniam
767 547 897 634 quidum
919 547 1028 636 placet
1047 550 1199 629 nomen)
1224 545 1295 611 aeri·

249 645 374 745 ptores,
399 676 439 722 ex
462 680 526 746 quo
549 655 726 745 adjectira
732 658 787 722 ad'
794 659 995 746 exemplum
1002 668 1182 746 poetarum
1207 676 1295 746 ¹grae-

248 764 360 835 co'rlim
372 761 426 835 ita
423 767 682 836 adhaerescunt
694 770 818 836 nomini
835 769 1196 860 substantitotainque
1210 779 1296 836 arcte

248 900 323 950 oum
346 883 407 948 ltoc
429 883 691 969 conjunguntur,
720 889 757 946 ut
785 882 920 946 alteriue
943 882 1110 969 cujusdam
1135 881 1295 961 nominis,

248 994 355 1060 uenit
376 994 603 1074 neceeaariurn,
627 994 720 1079 quasi
743 981 969 1080 oontpe'rldium
982 982 1057 1076 'fiat
1079 995 1133 1060 vel
1161 993 1297 1081 adjecti-

249 1099 326 1170 vum
350 1127 388 1170 eo
410 1105 649 1193 ipao'nominq
682 1103 743 1169 etti
773 1105 958 1191 pertinebat
989 1103 1167 1187 adalind,
1205 1103 1296 1190 quasi

251 1227 413 1304 arreptum
437 1218 595 1285 trahatur.
631 1215 681 1280 Of.
703 1217 840 1298 XXVI,
863 1215 898 1298 3,
923 1217 980 1281 16:
1002 1217 1167 1281 Poosr‘le'
1192 1219 1297 1282 batt-

248 1351 414 1396 ooorum
451 1351 522 1394 usu
560 1327 685 1408 (durch
718 1327 929 1415 Einfttlrrnng
961 1327 1018 1394 der
1051 1327 1297 1394 achwebendcn

250 1441 386 1525 Bader).
420 1441 466 1524 II,
490 1443 520 1522 7,
546 1441 603 1506 18:
634 1443 722 1506 Haec
744 1443 786 1506 od
807 1449 965 1539 oeternum
984 1444 1116 1524 eloctum
1137 1446 1220 1524 eia;
1244 1443 1296 1504 nae

248 1559 476 1642 procuratore
499 1555 649 1644 Romani,
681 1557 738 1619 hoc
767 1575 849 1618 ocae
872 1555 1048 1619 coelesti
1064 1575 1199 1640 passu
1233 1573 1297 1617 eum

249 1649 353 1734 literis
380 1671 443 1734 cuis
465 1671 550 1733 eadit
571 1671 725 1732 mammos
748 1670 846 1737 omnis
868 1670 936 1732 coel
963 1673 1065 1732 rector
1085 1665 1295 1752 Vespasianus

252 1804 299 1867 eq.
328 1804 372 1847 ao.
389 1803 494 1867 ‚passu
522 1779 564 1860 ad
590 1779 726 1844 coelum.
761 1775 1214 1865 v1111,40,146:(0anas)
1245 1777 1297 1842 soli

248 1897 477 1974 nominatae,
505 1894 995 1964 eoliooeomdomeetieofm
1016 1899 1209 1974 concauam,
1244 1887 1295 1952 ubi

213 2047 216 2053 -
252 2003 325 2070 Url.
348 2026 378 2090 p.
404 2005 467 2068 110
494 2004 741 2090 interpretatus
749 2012 807 2066 est
819 2023 924 2067 vocem
945 2005 1205 2084 domesticorum,
1243 2001 1293 2063 dea

252 2114 508 2200 Hausgesindes.
553 2112 759 2202 Quamquam
786 2115 848 2178 hoc
880 2111 1039 2226 adjectivo
1062 2115 1107 2179 ita
1134 2124 1291 2228 usurpato

253 2227 360 2294 minua
383 2228 579 2294 offendimur
601 2238 698 2316 propt
701 2251 734 2292 er
757 2250 834 2293 naua
857 2201 1084 2326 frequentiam

254 2599 341 2686 VI·
391 2595 472 2681 DE
509 2579 922 2702 INTnRPOSITIS
955 2593 1291 2684 VOCABULIS

255 2745 335 2826 ΕΤ
370 2740 739 2828 ENUNTIATIS
773 2740 1119 2842 QUIBUSDAM
1160 2741 1292 2828 SIVII

284 2889 368 2975 DE
392 2879 791 2992 PARENTHESL
817 2888 986 2990 QUAM
1002 2889 1210 2992 VOCAN
1213 2893 1263 2976 T.

343 3117 497 3204 Sequitur
520 3114 583 3180 alie
606 3115 758 3201 loquendi
781 3117 935 3199 brevitas,
958 3140 1022 3204 qua
1043 3139 1102 3204 por
1125 3115 1290 3206 interposi·

257 3232 379 3299 tionem
413 3227 563 3294 vocabuli
597 3227 733 3314 alicujus
767 3228 819 3293 vel
858 3228 1120 3294 interclusionem
1154 3223 1289 3317 appositi

165 3325 167 3330 ⁵
257 3343 396 3408 nominis
420 3340 484 3406 alia
506 3340 569 3404 cito
593 3339 763 3423 sententia,
787 3363 845 3429 per
864 3342 1134 3406 exclamationem
1156 3343 1289 3429 plerum-

259 3475 332 3542 que,
356 3451 520 3534 inseritur,
542 3451 678 3516 verbum
697 3461 804 3518 autem
821 3453 898 3518 novi
917 3453 1012 3541 hujus
1036 3453 1194 3520 enuntiati
1216 3474 1288 3519 non·

259 3589 437 3654 numquam
461 3565 631 3647 omittitur,
655 3564 793 3656 denique
815 3568 861 3633 ita
879 3567 932 3632 vel
949 3565 1096 3654 longiore
1114 3567 1286 3632 elocutione

261 3677 420 3765 dirempto
459 3698 606 3744 sermone
644 3679 737 3770 quasi
776 3680 899 3767 grande
940 3679 1061 3768 aliquid
1095 3681 1285 3748 decantatur.

259 3791 443 3874 XXXIII,
475 3793 529 3874 10,
556 3791 615 3858 47:
653 3792 739 3874 Quae
763 3795 947 3877 (molum)
977 3797 1112 3860 umentia
1140 3801 1185 3859 eet
1208 3790 1286 3858 tou

260 3907 324 3970 olto
345 3925 474 3992 cupere,
502 3907 584 3989 ‘quod
604 3925 653 3991 aq.
699 3902 904 3990 (Strackiue'z
937 3905 1114 3994 „Unselige
1137 3901 1286 3973 Thorheit
