2732 4428
1089 290 1151 360 119

95 474 249 558 piscinae
271 473 481 538 vendidernnt.
511 469 576 536 Pro
599 475 687 552 nitro,
710 457 925 556 qnodTaoito
948 462 1078 556 quidem
1102 475 1153 531 est

103 577 369 650 nsitnti'ssimum.
413 585 555 670 Arrtptins
583 603 661 648 vero
693 582 727 646 in
757 579 1151 667 hujusmodivenuntietis

106 715 176 760 non
201 695 334 760 memini
356 695 467 782 legere
489 693 750 784 npndPlinium3
773 701 887 758 eontra
910 693 1007 756 etiam
1030 713 1089 780 pra
1113 711 1151 757 aa

105 801 197 869 idem
221 805 299 871 illud
323 827 416 892 qnam
437 805 557 893 legitur
578 805 624 889 II,
648 805 700 890 81,
726 805 804 870 196:
836 807 1006 870 Intremntt
1026 823 1099 868 vero
1122 809 1151 868 et

105 916 145 982 in
165 901 295 984 novitas
311 923 416 1006 posita
439 929 558 1006 oe'qne
581 925 696 1006 qaam·
714 923 748 984 in
770 921 917 1000 aedeficiis
937 937 986 1004 sq.
1078 935 1080 942 ’

199 1029 373 1098 Praeterea
395 1031 509 1097 eodem
532 1041 652 1115 sensn,'
664 1055 726 1120 qno
744 1032 830 1120 apud
843 1051 955 1096 omnes
974 1027 1151 1115 scriptores

107 1142 255 1229 ejusdem
279 1167 352 1208 cum
375 1143 482 1210 Plinio
511 1146 628 1210 notetis
650 1146 827 1233 reperitur,
850 1142 988 1229 legimus
1011 1141 1149 1227 qnando·

106 1235 169 1340 qne
192 1277 251 1342 pro
274 1258 534 1344 qnandoennqne,
557 1257 648 1322 velut
670 1255 810 1336 XXIX,
835 1257 863 1338 I,
889 1256 945 1320 14:
972 1253 1149 1338 Quando-

107 1385 185 1454 qne
206 1371 266 1432 ista
285 1389 360 1452 qens
381 1389 454 1433 snas
476 1371 593 1435 litteras
608 1369 715 1454 vtiabit,
732 1373 837 1436 omnia
859 1375 1042 1452 corrumpet.
1071 1363 1150 1429 Pro·

106 1478 182 1567 prin
209 1500 288 1543 vero
318 1479 428 1546 Plinii·
444 1483 631 1568 quamlibeat
659 1491 691 1546 et
720 1481 841 1546 similes
870 1479 994 1567 eliquat
1024 1479 1148 1542 formae

107 1571 338 1678 pronominum
362 1593 570 1680 conjunctivo
593 1593 685 1658 verbi
709 1593 869 1658 formatae
891 1613 963 1656 esse
984 1589 1146 1657 videntur.
1234 1573 1240 1586 ⁶

106 1699 192 1786 XV,
215 1700 253 1784 3,
278 1703 334 1771 16:
373 1703 528 1791 (Olivse)
557 1705 800 1790 qnansiibeot
826 1708 1019 1770 innotatione.
1045 1699 1146 1765 *Ibid.

106 1813 166 1895 30,
193 1815 272 1880 130:
292 1807 296 1815 ’
317 1817 425 1902 Itoqne
458 1816 607 1903 (laurus)
642 1818 920 1904 quantalibeat
951 1818 1006 1882 snb
1037 1818 1148 1882 nnsbm

108 1927 208 1991 solnm
228 1929 342 2013 inopiet.
386 1925 485 2011 XVI,
517 1929 553 2011 4,
582 1929 645 1994 12:
681 1929 823 2016 Qnasqne
846 1929 978 2017 (leges)
1006 1931 1148 2012 conferre
1232 2020 1234 2028 η

108 2039 232 2104 libent
254 2062 301 2126 eq.
346 2039 478 2122 XVIII,
501 2042 531 2124 9,
556 2041 605 2107 8112
642 2042 726 2107 Ibid.
751 2043 801 2125 11,
826 2041 905 2108 103:
932 2045 1008 2127 Quo
1031 2045 1149 2109 tsbeat

106 2169 179 2216 nero
209 2157 345 2238 tempore
374 2175 420 2240 sq.
449 2151 573 2236 XVI,
601 2153 659 2236 42,
688 2153 769 2219 225:
803 2156 855 2221 Aci
884 2175 1147 2241 qnoeonnqne

105 2263 229 2328 libeat
250 2285 297 2353 sq,
343 2264 554 2330 Peculieriter
585 2267 682 2330 otiam
709 2277 885 2355 usurpator
908 2271 1019 2353 qnippe
1048 2265 1145 2348 VIII,

109 2375 159 2457 ro,
182 2375 242 2440 n:
278 2377 373 2442 Vana
395 2359 479 2442 ena
495 2359 558 2444 ‘toa
579 2381 682 2464 nnn
707 2429 793 2444 ....
816 2381 957 2464 qnippe
987 2377 1047 2463 (aa
1069 2397 1146 2443 zum

106 2485 269 2576 Beispiel)
301 2491 421 2555 oboiom
442 2499 598 2577 serpentes
620 2493 742 2557 ostiani
764 2499 856 2557 oantn
876 2513 924 2580 sq.
969 2491 1017 2556 Ita
1044 2490 1145 2579 negli-

106 2609 219 2685 genter
242 2601 401 2666 omittitur
413 2603 588 2685 XXXIII,
610 2603 714 2685 1,18:
743 2604 787 2669 Ut
810 2605 892 2669 enirn
914 2605 1066 2688 adjectum
1088 2605 1145 2669 Itoo

107 2708 223 2795 q'noqne
260 2714 339 2790 ,sed
367 2719 396 2778 ot
420 2716 568 2799 phaleras
591 2715 736 2800 positos“
767 2723 897 2802 propter
925 2737 1004 2802 qaae
1032 2737 1145 2782 nomen

109 2824 238 2907 equitnm
270 2826 422 2908 adjectam
450 2830 510 2909 est,
542 2829 682 2894 aonios
710 2849 860 2915 qnoqne
883 2831 1036 2915 depositos
1057 2883 1064 2897 .

108 2931 235 2997 relatam
257 2943 309 2999 ost.
353 2935 482 3000 Deinde
506 2939 588 3024 qnod
618 2941 759 3006 avarbo
783 2935 966 3005 declarandi
998 2937 1143 3027 pendens

110 3045 315 3132 conjungitur
345 3071 417 3112 eum
442 3049 666 3136 conjunctivo,
696 3051 753 3116 ubi
784 3053 924 3117 melioris
947 3062 1043 3117 notae
1067 3051 1148 3116 seri*

109 3167 214 3244 ptores
236 3167 363 3246 ponunt
386 3157 590 3244 Infinitivum,
613 3161 752 3246 XXIX,
773 3164 877 3246 1,14:
903 3165 1009 3249 Qnod
1031 3165 1143 3230 bassam

110 3271 159 3335 sit
186 3271 309 3336 itteram
344 3273 461 3338 litteras
493 3277 662 3361 inspicere,
694 3297 758 3341 non
782 3279 976 3362 perdiscere,
1011 3280 1141 3342 oinoorn

111 3379 308 3468 Quamquam
340 3383 392 3446 hie
422 3383 512 3449 Iocus
543 3383 691 3450 aPlinio
722 3408 739 3450 e
771 3387 901 3475 seriptis
924 3384 1059 3452 Catonis
1089 3385 1141 3450 de-

111 3505 274 3582 promptas
299 3505 355 3564 est.
401 3496 454 3562 De
477 3499 706 3582 conjunctione
727 3509 762 3566 nt
784 3499 825 3564 oi.
850 3497 1027 3587 singularia
1048 3499 1139 3563 haee.

110 3601 283 3691 XXXIII,
314 3610 351 3691 l,
374 3609 433 3674 25:
466 3611 607 3697 Deniqne
635 3619 679 3678 at
699 3613 876 3699 plnritna
903 3633 996 3698 opem
1024 3613 1141 3676 scelera

112 3723 203 3786 onniis
216 3725 309 3804 finnt.
354 3721 449 3801 Quod
474 3721 551 3788 alibi
573 3724 703 3790 nonnisi
726 3747 795 3789 curn
819 3723 990 3806 adverbiis,
1014 3723 1139 3812 opinor,

111 3832 152 3897 its
172 3834 388 3921 conjungitur.
433 3835 532 3919 XIV,
553 3835 588 3919 4,
612 3837 670 3902 56:
704 3838 813 3921 Quod
832 3845 871 3905 at
892 3845 1067 3906 stotnanttor
1089 3858 1138 3924 eq.

112 3945 192 4009 velut
208 3945 283 4010 alibi
298 3950 381 4032 qnod
398 3951 425 4012 si
444 3947 619 4014 enuntiatis
634 3927 880 4037 'conjungendis
905 3949 955 4016 Oi.
966 3951 1138 4033 XXXVI,
